%%%%%%%%%%%%%%%%%%%%%%%%%%%%%%%%%%%%%%%%%%%%%%%%%%%%%%%%%%%%%%%%%%%%%%%%%%%%%% Conference BibTeX Entry%% Last modified Mar.29, 2012 by E. Fujisaki%% modified Nov. 21, 2009 by K. Xagawa%%%% usage%% Conference + year (before 1999 -> 2 digits, after 2000 -> 4 digits)%%%% ex1) CRYPTO in 2002 -> crossref="CRYPTO2002"%% ex2) EUROCRYPT in 1993 -> crossref="EUROCRYPT93"%%%%%% Conference & year List%%%% CRYPTO     2014 - 1981 x%% EUROCRYPT  2014 - 1984 x%% ASIACRYPT  2014 - 1996 x%% CCS        2014 - 1993%% ASIACCS    2013 - 2006%% ASIAPKC    2013 - 2013%% PKC        2014 - 1998 x%% TCC        2014 - 2004 x%% CTRSA      2014 - 2001 x%% FC         2014 - 1997%% SAC        2013 - 1997%% FSE        2013 - 2004%% CHES       1999 - 2002%% ACNS       2014 - 2003%% NDSS       2009 - 2000%% INDOCRYPT  2009 - 2000%% ACISP      2010 - 1996%% PQCRYPTO   2010 - 2006 x%% LATINCRYPT 2010%% ProvSec    2009 - 2007%% WCC        2008 - ...? x%% ISC/ISW    2007, 2004  x%% Pairing    2010 - 2007 x%% CANS       2008        x%% IMA CCC    2009 - 1995 x%% CCNT       1999        x%% ICICS      1999        x%% IWSEC      2014 - 2006%% USENIX     2014-2012%% IEEE S&P   2015-2014%%%%%%%%%%%%%%%%%%%%%%%%%%%%%%%%%%%%%%%%%%%%%%%%%%%%%%%%%%%%%%%%%%%%%%%%%%%%@string{lncs = "Lecture Notes in Computer Science"}@string{lnicst = "LNICST"}@string{ccis = "Communications in Computer and Information Science"}string{springer = "Springer-Verlag"}@string{springer = "Springer, Heidelberg"}@string{IEEECS = "IEEE Computer Society"}%%%%%%%%%%%%%%%%%%%%%%% CRYPTO 2014 - 1984 %%%%%%%%%%%%%%%%%%%%%%%@proceedings{CRYPTO2014-1,  editor       = "Garay, Juan A. and Gennaro, Rosario",  title        = "Advances in Cryptology - CRYPTO 2014, 34th Annual                  Cryptology Conference, Santa Barbara, CA, USA, August                  17-21 2014. Proceedings, Part I",  booktitle    = "CRYPTO 2014, Part I",  year         = "2014",  series       = lncs,  volume       = "8616",  publisher    = springer,  crossrefonly = 1,}@proceedings{CRYPTO2014-2,  editor       = "Garay, Juan A. and Gennaro, Rosario",  title        = "Advances in Cryptology - CRYPTO 2014, 34th Annual                  Cryptology Conference, Santa Barbara, CA, USA, August                  17-21 2014. Proceedings, Part II",  booktitle    = "CRYPTO 2014, Part II",  year         = "2014",  series       = lncs,  volume       = "8617",  publisher    = springer,  crossrefonly = 1,}@proceedings{CRYPTO2013-1,  editor    = {Ran Canetti and               Juan A. Garay},  title     = {Advances in Cryptology - CRYPTO 2013 - 33rd Annual Cryptology               Conference, Santa Barbara, CA, USA, August 18-22, 2013. Proceedings, Part {I}},  booktitle = {CRYPTO (1) 2013},  publisher = springer,  series    = lncs,  volume    = {8042},  year      = {2013},  crossrefonly = 1,}@proceedings{CRYPTO2013-2,  editor    = {Ran Canetti and               Juan A. Garay},  title     = {Advances in Cryptology - CRYPTO 2013 - 33rd Annual Cryptology               Conference, Santa Barbara, CA, USA, August 18-22, 2013. Proceedings, Part {II}},  booktitle = {CRYPTO (2) 2013},  publisher = springer,  series    = lncs,  volume    = {8043},  year      = {2013},  crossrefonly = 1,}@proceedings{CRYPTO2012,  editor    = {Rei Safavi-Naini and Ran Canetti},  title     = {Advances in Cryptology - CRYPTO 2012 - 32st Annual Cryptology               Conference, Santa Barbara, CA, USA, August 19-23, 2012.               Proceedings},  booktitle = {CRYPTO 2012},  publisher = springer,  series    = lncs,  volume    = {7417},  year      = {2012},  crossrefonly = 1,}@proceedings{CRYPTO2011,  editor    = {Phillip Rogaway},  title     = {Advances in Cryptology - CRYPTO 2011 - 31st Annual Cryptology               Conference, Santa Barbara, CA, USA, August 14-18, 2011.               Proceedings},  booktitle = {CRYPTO 2011},  publisher = springer,  series    = lncs,  volume    = {6841},  year      = {2011},  crossrefonly = 1,}@proceedings{CRYPTO2010,  editor       = "Rabin, Tal",  title        = "Advances in Cryptology - CRYPTO 2010, 30th Annual                  International Cryptology Conference, Santa Barbara, CA,                  USA, August 15-19, 2010. Proceedings",  booktitle    = "CRYPTO 2010",  year         = "2010",  series       = lncs,  volume       = "6223",  publisher    = springer,  crossrefonly = 1,}@proceedings{CRYPTO2009,  editor       = "Halevi, Shai",  title        = "Advances in Cryptology - CRYPTO 2009, 29th Annual                  International Cryptology Conference, Santa Barbara, CA,                  USA, August 16-20, 2009. Proceedings",  booktitle    = "CRYPTO 2009",  year         = "2009",  series       = lncs,  volume       = "5677",  publisher    = springer,  crossrefonly = 1,}@proceedings{CRYPTO2008,  editor       = "Wagner, David",  title        = "Advances in Cryptology - CRYPTO 2008, 28th Annual                  International Cryptology Conference, Santa Barbara, CA,                  USA, August 17-21, 2008. Proceedings",  booktitle    = "CRYPTO 2008",  year         = "2008",  series       = lncs,  volume       = "5157",  publisher    = springer,  crossrefonly = 1,}@proceedings{CRYPTO2007,  editor       = "Menezes, Alfred",  title        = "Advances in Cryptology - CRYPTO 2007, 27th Annual                  International Cryptology Conference, Santa Barbara, CA,                  USA, August 19-23, 2007, Proceedings",  booktitle    = "CRYPTO 2007",  year         = "2007",  series       = lncs,  volume       = "4622",  publisher    = springer,  crossrefonly = 1,}@proceedings{CRYPTO2006,  editor       = "Dwork, Cynthia",  title        = "Advances in Cryptology - CRYPTO 2006, 26th Annual                  International Cryptology Conference, Santa Barbara,                  California, USA, August 20-24, 2006, Proceedings",  booktitle    = "CRYPTO 2006",  year         = "2006",  series       = lncs,  volume       = "4117",  publisher    = springer,  crossrefonly = 1,}@proceedings{CRYPTO2005,  editor       = "Shoup, Victor",  title        = "Advances in Cryptology - CRYPTO 2005: 25th Annual                  International Cryptology Conference, Santa Barbara,                  California, USA, August 14-18, 2005, Proceedings",  booktitle    = "CRYPTO 2005",  year         = "2005",  series       = lncs,  volume       = "3621",  publisher    = springer,  crossrefonly = 1,}@Proceedings{CRYPTO2004,  editor       = "Franklin, Matthew K.",  title        = "Advances in Cryptology - CRYPTO 2004, 24th Annual                  International CryptologyConference, Santa Barbara,                  California, USA, August 15-19, 2004, Proceedings",  booktitle    = "CRYPTO 2004",  year         = "2004",  series       = lncs,  volume       = "3152",  publisher    = springer,  crossrefonly = 1,}@Proceedings{CRYPTO2003,  editor       = "Boneh, Dan",  title        = "Advances in Cryptology - CRYPTO 2003, 23rd Annual                  International Cryptology Conference, Santa Barbara,                  California, USA, August 17-21, 2003, Proceedings",  booktitle    = "CRYPTO 2003",  year         = "2003",  series       = lncs,  volume       = "2729",  publisher    = springer,  crossrefonly = 1,}@Proceedings{CRYPTO2002,  editor       = "Yung, Moti",  title        = "Advances in Cryptology - CRYPTO 2002, 22nd Annual                  International Cryptology Conference, Santa Barbara,                  California, USA, August 18-22, 2002, Proceedings",  booktitle    = "CRYPTO 2002",  year         = "2002",  series       = lncs,  volume       = "2442",  publisher    = springer,  crossrefonly = 1,}@Proceedings{CRYPTO2001,  editor       = "Kilian, Joe",  title        = "Advances in Cryptology - CRYPTO 2001, 21st Annual                  International Cryptology Conference, Santa Barbara,                  California, USA, August 19-23, 2001, Proceedings",  booktitle    = "CRYPTO 2001",  year         = "2001",  series       = lncs,  volume       = "2139",  publisher    = springer,  crossrefonly = 1,}@Proceedings{CRYPTO2000,  editor       = "Bellare, Mihir",  title        = "Advances in Cryptology - CRYPTO 2000, 20th Annual                  International Cryptology Conference, Santa Barbara,                  California, USA, August 20-24, 2000, Proceedings",  booktitle    = "CRYPTO 2000",  year         = "2000",  series       = lncs,  volume       = "1880",  publisher    = springer,  crossrefonly = 1,}@Proceedings{CRYPTO99,  editor       = "Wiener, Michael J.",  title        = "Advances in Cryptology - CRYPTO '99, 19th Annual                  International Cryptology Conference, Santa Barbara,                  California, USA, August 15-19, 1999, Proceedings",  booktitle    = "CRYPTO '99",  year         = "1999",  series       = lncs,  volume       = "1666",  publisher    = springer,  crossrefonly = 1,}@Proceedings{CRYPTO98,  editor       = "Krawczyk, Hugo",  title        = "Advances in Cryptology - CRYPTO '98, 18th Annual                  International Cryptology Conference, Santa Barbara,                  California, USA, August 23-27, 1998, Proceedings",  booktitle    = "CRYPTO '98",  year         = "1998",  series       = lncs,  volume       = "1462",  publisher    = springer,  crossrefonly = 1,}@Proceedings{CRYPTO97,  editor       = "Kaliski, Jr., Burton S.",  title        = "Advances in Cryptology - CRYPTO '97, 17th Annual                  International Cryptology Conference, Santa Barbara,                  California, USA, August 17-21, 1997, Proceedings",  booktitle    = "CRYPTO '97",  year         = "1997",  series       = lncs,  volume       = "1294",  publisher    = springer,  crossrefonly = 1,}@Proceedings{CRYPTO96,  editor       = "Koblitz, Neal",  title        = "Advances in Cryptology - CRYPTO '96, 16th Annual                  International Cryptology Conference, Santa Barbara,                  California, USA, August 18-22, 1996, Proceedings",  booktitle    = "CRYPTO '96",  year         = "1996",  series       = lncs,  volume       = "1109",  publisher    = springer,  crossrefonly = 1,}@Proceedings{CRYPTO95,  editor       = "Coppersmith, Don",  title        = "Advances in Cryptology - CRYPTO '95, 15th Annual                  International Cryptology Conference, Santa Barbara,                  California, USA, August 27-31, 1995, Proceedings",  booktitle    = "CRYPTO '95",  year         = "1995",  series       = lncs,  volume       = "963",  publisher    = springer,  crossrefonly = 1,}@Proceedings{CRYPTO94,  editor       = "Desmedt, Yvo G.",  title        = "Advances in Cryptology - CRYPTO '94, 14th Annual                  International Cryptology Conference, Santa Barbara,                  California, USA, August 21-25, 1994, Proceedings",  booktitle    = "CRYPTO '94",  year         = "1994",  series       = lncs,  volume       = "839",  publisher    = springer,  crossrefonly = 1,}@Proceedings{CRYPTO93,  editor       = "Stinson, Douglas R.",  title        = "Advances in Cryptology - CRYPTO '93, 13th Annual                  International Cryptology Conference, Santa Barbara,                  California, USA, August 22-26, 1993, Proceedings",  booktitle    = "CRYPTO '93",  year         = "1993",  series       = lncs,  volume       = "773",  publisher    = springer,  crossrefonly = 1,}@Proceedings{CRYPTO92,  editor       = "Brickell, Ernest F.",  title        = "Advances in Cryptology - CRYPTO '92, 12th Annual                  International Cryptology Conference, Santa Barbara,                  California, USA, August 16-20, 1992, Proceedings",  booktitle    = "CRYPTO '92",  year         = "1992",  series       = lncs,  volume       = "740",  publisher    = springer,  crossrefonly = 1,}@Proceedings{CRYPTO91,  editor       = "Feigenbaum, Joan",  title        = "Advances in Cryptology - CRYPTO '91, 11th Annual                  International Cryptology Conference, Santa Barbara,                  California, USA, August 11-15, 1991, Proceedings",  booktitle    = "CRYPTO '91",  year         = "1991",  series       = lncs,  volume       = "576",  publisher    = springer,  crossrefonly = 1,}@Proceedings{CRYPTO90,  editor       = "Menezes, Alfred and Vanstone, Scott A.",  title        = "Advances in Cryptology - CRYPTO '90, 10th Annual                  International Cryptology Conference, Santa Barbara,                  California, USA, August 11-15, 1990, Proceedings",  booktitle    = "CRYPTO '90",  year         = "1990",  series       = lncs,  volume       = "537",  publisher    = springer,  crossrefonly = 1,}@Proceedings{CRYPTO89,  editor       = "Brassard, Gilles",  title        = "Advances in Cryptology - CRYPTO '89, 9th Annual                  International Cryptology Conference, Santa Barbara,                  California, USA, August 20-24, 1989, Proceedings",  booktitle    = "CRYPTO '89",  year         = "1989",  series       = lncs,  volume       = "435",  publisher    = springer,  crossrefonly = 1,}@Proceedings{CRYPTO88,  editor       = "Goldwasser, Shafi",  title        = "Advances in Cryptology - CRYPTO '88, 8th Annual                  International Cryptology Conference, Santa Barbara,                  California, USA, August 21-25, 1988, Proceedings",  booktitle    = "CRYPTO '88",  year         = "1988",  series       = lncs,  volume       = "403",  publisher    = springer,  crossrefonly = 1,}@Proceedings{CRYPTO87,  editor       = "Pomerance, Carl",  title        = "Advances in Cryptology - CRYPTO '87, A Conference on                  the Theory and Applications of Cryptographic                  Techniques, Santa Barbara, California, USA, August                  16-20, 1987, Proceedings",  booktitle    = "CRYPTO '87",  year         = "1987",  series       = lncs,  volume       = "293",  publisher    = springer,  crossrefonly = 1,}@Proceedings{CRYPTO86,  editor       = "Odlyzko, Andrew M.",  title        = "Advances in Cryptology - CRYPTO '86, Santa Barbara,                  California, USA, 1986, Proceedings",  booktitle    = "CRYPTO '86",  year         = "1987",  series       = lncs,  volume       = "263",  publisher    = springer,  crossrefonly = 1,}@Proceedings{CRYPTO85,  editor       = "Williams, Hugh C.",  title        = "Advances in Cryptology - CRYPTO '85, Santa Barbara,                  California, USA, August 18-22, 1985, Proceedings",  booktitle    = "CRYPTO '85",  year         = "1986",  series       = lncs,  volume       = "218",  publisher    = springer,  crossrefonly = 1,}@Proceedings{CRYPTO84,  editor       = "Blakley, George Robert and Chaum, David",  title        = "Advances in Cryptology, Proceedings of CRYPTO '84,                  Santa Barbara, California, USA, August 19-22, 1984, Proceedings",  booktitle    = "CRYPTO '84",  year         = "1985",  series       = lncs,  volume       = "196",  publisher    = springer,  crossrefonly = 1,}%%% CRYPTO 1983-1981@Proceedings{CRYPTO83,  editor       = "Chaum, David",  title        = "Advances in Cryptology, Proceedings of CRYPTO '83",  booktitle    = "Advances in Cryptology, Proceedings of CRYPTO '83",  year         = "1984",  publisher    = "Plenum Press",  crossrefonly = 1,}@Proceedings{CRYPTO82,  editor       = "Chaum, David and Rivest, Ronald L. and Sherman, Alan T.",  title        = "Advances in Cryptology: Proceedings of CRYPTO '82",  booktitle    = "Advances in Cryptology: Proceedings of CRYPTO '82",  year         = "1983",  publisher    = "Plenum",  crossrefonly = 1,}@Proceedings{CRYPTO81,  editor       = "Gersho, Allen",  title        = "Advances in Cryptology: A Report on CRYPTO 81, CRYPTO                  81, IEEE Workshop on Communications Security, Santa                  Barbara, August 24-26, 1981",  booktitle    = "Advances in Cryptology: A Report on CRYPTO 81",  year         = "1982",  publisher    = "U.C. Santa Barbara, Dept. of Elec. and Computer Eng.",  crossrefonly = 1,}%%%%%%%%%%%%%%%%%%%%%%%%%%% EUROCRYPT  2014 - 1984 %%%%%%%%%%%%%%%%%%%%%%%%%%%@proceedings{EUROCRYPT2014,  editor    = {Phong Q. Nguyen and               Elisabeth Oswald},  title     = {Advances in Cryptology - EUROCRYPT 2014 - 33rd Annual International               Conference on the Theory and Applications of Cryptographic               Techniques, Copenhagen, Denmark, May 11-15, 2014. Proceedings},  booktitle = {EUROCRYPT 2014},  publisher =  springer,  series    =  lncs,  volume    = {8441},  year      = {2014},  crossrefonly = 1,}@proceedings{EUROCRYPT2013,  editor    = {Thomas Johansson and               Phong Q. Nguyen},  title     = {Advances in Cryptology - EUROCRYPT 2013, 32nd Annual International               Conference on the Theory and Applications of Cryptographic               Techniques, Athens, Greece, May 26-30, 2013. Proceedings},  booktitle = {EUROCRYPT 2013},  publisher = springer,  series    = lncs,  volume    = {7881},  year      = {2013},  crossrefonly = 1,}@proceedings{EUROCRYPT2012,   editor     = {David Pointcheval and Thomas Johansson},   title      = {Advances in Cryptology -- EUROCRYPT 2012},   booktitle = {EUROCRYPT 2012},   publisher  = springer,   location   = {Heidelberg},   series     = lncs,   volume     = {7237},   year       = {2012},   crossrefonly = 1,}@proceedings{EUROCRYPT2011,  editor    = {Kenneth G. Paterson},  title     = {Advances in Cryptology - EUROCRYPT 2011 - 30th Annual International               Conference on the Theory and Applications of Cryptographic               Techniques, Tallinn, Estonia, May 15-19, 2011. Proceedings},  booktitle = {EUROCRYPT 2011},  publisher = springer,  series    = lncs,  volume    = {6632},  year      = {2011},  crossrefonly = 1,}@proceedings{EUROCRYPT2010,  editor       = "Gilbert, Henri",  title        = "Advances in Cryptology - EUROCRYPT 2010, 29th Annual                  International Conference on the Theory and                  Applications of Cryptographic Techniques, French                  Riviera, May 30-June 3, 2010. Proceedings",  booktitle    = "EUROCRYPT 2010",  year         = "2010",  series       = lncs,  volume       = "6110",  publisher    = springer,  crossrefonly = 1,}@proceedings{EUROCRYPT2009,  editor       = "Joux, Antoine",  title        = "Advances in Cryptology - EUROCRYPT 2009, 28th Annual                  International Conference on the Theory and                  Applications of Cryptographic Techniques, Cologne,                  Germany, April 26-30, 2009. Proceedings",  booktitle    = "EUROCRYPT 2009",  year         = "2009",  series       = lncs,  volume       = "5479",  publisher    = springer,  crossrefonly = 1,}@proceedings{EUROCRYPT2008,  editor       = "Smart, Nigel P.",  title        = "Advances in Cryptology - EUROCRYPT 2008, 27th Annual                  International Conference on the Theory and                  Applications of Cryptographic Techniques, Istanbul,                  Turkey, April 13-17, 2008. Proceedings",  booktitle    = "EUROCRYPT 2008",  year         = "2008",  series       = lncs,  volume       = "4965",  publisher    = springer,  crossrefonly = 1,}@proceedings{EUROCRYPT2007,  editor       = "Naor, Moni",  title        = "Advances in Cryptology - EUROCRYPT 2007, 26th Annual                  International Conference on the Theory and                  Applications of Cryptographic Techniques, Barcelona,                  Spain, May 20-24, 2007, Proceedings",  booktitle    = "EUROCRYPT 2007",  year         = "2007",  series       = lncs,  volume       = "4515",  publisher    = springer,  crossrefonly = 1,}@proceedings{EUROCRYPT2006,  editor       = "Vaudenay, Serge",  title        = "Advances in Cryptology - EUROCRYPT 2006, 25th Annual                  International Conference on the Theory and                  Applications of Cryptographic Techniques, St.                  Petersburg, Russia, May 28 - June 1, 2006, Proceedings",  booktitle    = "EUROCRYPT 2006",  year         = "2006",  series       = lncs,  volume       = "4004",  publisher    = springer,  crossrefonly = 1,}@proceedings{EUROCRYPT2005,  editor       = "Cramer, Ronald",  title        = "Advances in Cryptology - EUROCRYPT 2005, 24th Annual                  International Conference on the Theory and                  Applications of Cryptographic Techniques, Aarhus,                  Denmark, May 22-26, 2005, Proceedings",  booktitle    = "EUROCRYPT 2005",  year         = "2005",  series       = lncs,  volume       = "3494",  publisher    = springer,  crossrefonly = 1,}@Proceedings{EUROCRYPT2004,  editor       = "Cachin, Christian and Camenisch, Jan",  title        = "Advances in Cryptology - EUROCRYPT 2004, International                  Conference on the Theory and Applications of                  Cryptographic Techniques, Interlaken, Switzerland, May                  2-6, 2004, Proceedings",  booktitle    = "EUROCRYPT 2004",  year         = "2004",  series       = lncs,  volume       = "3027",  publisher    = springer,  crossrefonly = 1,}@Proceedings{EUROCRYPT2003,  editor       = "Biham, Eli",  title        = "Advances in Cryptology - EUROCRYPT 2003, International                  Conference on the Theory and Applications of                  Cryptographic Techniques, Warsaw, Poland, May 4-8,                  2003, Proceedings",  booktitle    = "EUROCRYPT 2003",  year         = "2003",  series       = lncs,  volume       = "2656",  publisher    = springer,  crossrefonly = 1,}@Proceedings{EUROCRYPT2002,  editor       = "Knudsen, Lars R.",  title        = "Advances in Cryptology - EUROCRYPT 2002, International                  Conference on the Theory and Applications of                  Cryptographic Techniques, Amsterdam, The Netherlands,                  April 28 - May 2, 2002, Proceedings",  booktitle    = "EUROCRYPT 2002",  year         = "2002",  series       = lncs,  volume       = "2332",  publisher    = springer,  crossrefonly = 1,}@Proceedings{EUROCRYPT2001,  editor       = "Pfitzmann, Birgit",  title        = "Advances in Cryptology - EUROCRYPT 2001, International                  Conference on the Theory and Application of                  Cryptographic Techniques, Innsbruck, Austria, May 6-10,                  2001, Proceeding",  booktitle    = "EUROCRYPT 2001",  year         = "2001",  series       = lncs,  volume       = "2045",  publisher    = springer,  crossrefonly = 1,}@Proceedings{EUROCRYPT2000,  editor       = "Preneel, Bart",  title        = "Advances in Cryptology - EUROCRYPT 2000, International                  Conference on the Theory and Application of                  Cryptographic Techniques, Bruges, Belgium, May 14-18,                  2000, Proceeding",  booktitle    = "EUROCRYPT 2000",  year         = "2000",  series       = lncs,  volume       = "1807",  publisher    = springer,  crossrefonly = 1,}@Proceedings{EUROCRYPT99,  editor       = "Stern, Jacques",  title        = "Advances in Cryptology - EUROCRYPT '99, International                  Conference on the Theory and Application of                  Cryptographic Techniques, Prague, Czech Republic, May                  2-6, 1999, Proceeding",  booktitle    = "EUROCRYPT '99",  year         = "1999",  series       = lncs,  volume       = "1592",  publisher    = springer,  crossrefonly = 1,}@Proceedings{EUROCRYPT98,  editor       = "Nyberg, Kaisa",  title        = "Advances in Cryptology - EUROCRYPT '98, International                  Conference on the Theory and Application of                  Cryptographic Techniques, Espoo, Finland, May 31 -                  June 4, 1998, Proceeding",  booktitle    = "EUROCRYPT '98",  year         = "1998",  series       = lncs,  volume       = "1403",  publisher    = springer,  crossrefonly = 1,}@Proceedings{EUROCRYPT97,  editor       = "Fumy, Walter",  title        = "Advances in Cryptology - EUROCRYPT '97, International                  Conference on the Theory and Application of                  Cryptographic Techniques, Konstanz, Germany, May 11-15,                  1997, Proceeding",  booktitle    = "EUROCRYPT '97",  year         = "1997",  series       = lncs,  volume       = "1233",  publisher    = springer,  crossrefonly = 1,}@Proceedings{EUROCRYPT96,  editor       = "Maurer, Ueli M.",  title        = "Advances in Cryptology - EUROCRYPT '96, International                  Conference on the Theory and Application of                  Cryptographic Techniques, Saragossa, Spain, May 12-16,                  1996, Proceeding",  booktitle    = "EUROCRYPT '96",  year         = "1996",  series       = lncs,  volume       = "1070",  publisher    = springer,  crossrefonly = 1,}@Proceedings{EUROCRYPT95,  editor       = "Guillou, Louis C. and Quisquater, Jean-Jacques",  title        = "Advances in Cryptology - EUROCRYPT '95, International                  Conference on the Theory and Application of                  Cryptographic Techniques, Saint-Malo, France, May                  21-25, 1995, Proceeding",  booktitle    = "EUROCRYPT '95",  year         = "1995",  series       = lncs,  volume       = "921",  publisher    = springer,  crossrefonly = 1,}@Proceedings{EUROCRYPT94,  editor       = "De Santis, Alfredo",  title        = "Advances in Cryptology - EUROCRYPT '94, Workshop on                  the Theory and Application of Cryptographic Techniques,                  Perugia, Italy, May 9-12, 1994, Proceedings",  booktitle    = "EUROCRYPT '94",  year         = "1995",  series       = lncs,  volume       = "950",  publisher    = springer,  crossrefonly = 1,}@Proceedings{EUROCRYPT93,  editor       = "Helleseth, Tor",  title        = "Advances in Cryptology - EUROCRYPT '93, Workshop on                  the Theory and Application of of Cryptographic                  Techniques, Lofthus, Norway, May 23-27, 1993, Proceedings",  booktitle    = "EUROCRYPT '93",  year         = "1994",  series       = lncs,  volume       = "765",  publisher    = springer,  crossrefonly = 1,}@Proceedings{EUROCRYPT92,  editor       = "Rueppel, Rainer A.",  title        = "Advances in Cryptology - EUROCRYPT '92, Workshop on                  the Theory and Application of of Cryptographic                  Techniques, Balatonf{\"u}red, Hungary, May 24-28, 1992",  booktitle    = "EUROCRYPT '92",  year         = "1993",  series       = lncs,  volume       = "658",  publisher    = springer,  crossrefonly = 1,}@Proceedings{EUROCRYPT91,  editor       = "Davies, Doland W.",  title        = "Advances in Cryptology - EUROCRYPT '91, Workshop on                  the Theory and Application of of Cryptographic                  Techniques, Brighton, UK, April 8-11, 1991, Proceedings",  booktitle    = "EUROCRYPT '91",  year         = "1991",  series       = lncs,  volume       = "547",  publisher    = springer,  crossrefonly = 1,}@Proceedings{EUROCRYPT90,  editor       = "Damg\r{a}rd, Ivan",  title        = "Advances in Cryptology - EUROCRYPT '90, Workshop on                  the Theory and Application of of Cryptographic                  Techniques, Aarhus, Denmark, May 21-24, 1990, Proceedings",  booktitle    = "EUROCRYPT '90",  year         = "1991",  series       = lncs,  volume       = "473",  publisher    = springer,  crossrefonly = 1,}@proceedings{EUROCRYPT89,  editor       = "Quisquater, Jean-Jacques and Vandewalle, Joos",  title        = "Advances in Cryptology - EUROCRYPT '89, Workshop on                  the Theory and Application of of Cryptographic                  Techniques, Houthalen, Belgium, April 10-13, 1989, Proceedings",  booktitle    = "EUROCRYPT '89",  year         = "1990",  series       = lncs,  volume       = "434",  publisher    = springer,  crossrefonly = 1,}@proceedings{EUROCRYPT88,  editor       = "G{\"u}nther, C. G.",  title        = "Advances in Cryptology - EUROCRYPT '88, Workshop on                  the Theory and Application of of Cryptographic                  Techniques, Davos, Switzerland, May 25-27, 1988, Proceedings",  booktitle    = "EUROCRYPT '88",  year         = "1988",  series       = lncs,  volume       = "330",  publisher    = springer,  crossrefonly = 1,}@proceedings{EUROCRYPT87,  editor       = "Chaum, David and Price, Wyn L.",  title        = "Advances in Cryptology - EUROCRYPT '87, Workshop on                  the Theory and Application of of Cryptographic                  Techniques, Amsterdam, The Netherlands, April 13-15,                  1987, Proceedings",  booktitle    = "EUROCRYPT '87",  year         = "1988",  series       = lncs,  volume       = "304",  publisher    = springer,  crossrefonly = 1,}@proceedings{EUROCRYPT86,  editor       = "Ingemarsson, Ingemar",  title        = "Abstracts of Papers: EUROCRYPT 1986, A Workshop on the                  Theory and Application of of Cryptographic Techniques,                  20-22 May 1986, Linkoping, Sweden",  booktitle    = "Abstracts of Papers: EUROCRYPT '86",  year         = "1986",  series       = "",  volume       = "",  publisher    = "",  crossrefonly = 1,}@proceedings{EUROCRYPT85,  editor       = "Pichler, Franz",  title        = "Advances in Cryptology - EUROCRYPT '85, Workshop on                  the Theory and Application of of Cryptographic                  Techniques, Linz, Austria, April 1985, Proceedings",  booktitle    = "EUROCRYPT '85",  year         = "1986",  series       = lncs,  volume       = "219",  publisher    = springer,  crossrefonly = 1,}@proceedings{EUROCRYPT84,  editor       = "Beth, Thomas and Cot, Norbert and Ingemarsson, Ingemar",  title        = "Advances in Cryptology: Proceedings of EUROCRYPT 84, A                  Workshop on the Theory and Application of of                  Cryptographic Techniques, Paris, France, April 9-11,                  1984, Proceedings",  booktitle    = "EUROCRYPT '84",  year         = "1985",  series       = lncs,  volume       = "209",  publisher    = springer,  crossrefonly = 1,}@proceedings{EUROCRYPT82,  editor       = "Beth, Thomas",  title        = "Cryptography, Proceedings of the Workshop on                  Cryptography, Burg Feuerstein, Germany, March 29 -                  April 2, 1982",  booktitle    = "Cryptography, Proceedings of the Workshop on                  Cryptography 1982",  year         = "1983",  series       = lncs,  volume       = "149",  publisher    = springer,  crossrefonly = 1,}%%%%%%%%%%%%%%%%%%%%%%%%%% ASIACRYPT 2014 - 1996 %%%%%%%%%%%%%%%%%%%%%%%%%%@proceedings{ASIACRYPT2014-1,  editor    = {Palash Sarkar and               Tetsu Iwata},  title     = {Advances in Cryptology - {ASIACRYPT} 2014 - 20th International Conference               on the Theory and Application of Cryptology and Information Security,               Kaoshiung, Taiwan, R.O.C., December 7-11, 2014, Proceedings, Part               {I}},  booktitle = {ASIACRYPT (1)},  series    = lncs,  volume    = {8873},  publisher = springer,  year      = {2014},  crossrefonly = 1,}@proceedings{ASIACRYPT2014-2,  editor    = {Palash Sarkar and               Tetsu Iwata},  title     = {Advances in Cryptology - {ASIACRYPT} 2014 - 20th International Conference               on the Theory and Application of Cryptology and Information Security,               Kaoshiung, Taiwan, R.O.C., December 7-11, 2014, Proceedings, Part               {II}},  booktitle = {ASIACRYPT (2)},  series    = lncs,  volume    = {8874},  publisher = springer,  year      = {2014},  crossrefonly = 1,}@proceedings{ASIACRYPT2013-1,  editor    = {Kazue Sako and               Palash Sarkar},  title     = {Advances in Cryptology - ASIACRYPT 2013 - 19th International               Conference on the Theory and Application of Cryptology and               Information Security, Bengaluru, India, December 1-5, 2013,               Proceedings, Part I},  booktitle = {ASIACRYPT (1)},  publisher = springer,  series    = lncs,  volume    = {8269},  year      = {2013},  crossrefonly = 1,}@proceedings{ASIACRYPT2013-2,  editor    = {Kazue Sako and               Palash Sarkar},  title     = {Advances in Cryptology - ASIACRYPT 2013 - 19th International               Conference on the Theory and Application of Cryptology and               Information Security, Bengaluru, India, December 1-5, 2013,               Proceedings, Part II},  booktitle = {ASIACRYPT (2)},  publisher = springer,  series    = lncs,  volume    = {8270},  year      = {2013},  crossrefonly = 1,}@proceedings{ASIACRYPT2012,  editor    = {Xiaoyun Wang and               Kazue Sako},  title     = {Advances in Cryptology - ASIACRYPT 2012 - 18th International               Conference on the Theory and Application of Cryptology and               Information Security, Beijing, China, December 2-6, 2012.               Proceedings},  booktitle = {ASIACRYPT},  publisher = springer,  series    = lncs,  volume    = {7658},  year      = {2012},  crossrefonly = 1,}@proceedings{ASIACRYPT2011,  editor    = {Dong Hoon Lee and               Xiaoyun Wang},  title     = {Advances in Cryptology - ASIACRYPT 2011 - 17th International               Conference on the Theory and Application of Cryptology and               Information Security, Seoul, South Korea, December 4-8,               2011. Proceedings},  booktitle = {ASIACRYPT 2011},  publisher = springer,  series    = lncs,  volume    = {7073},  year      = {2011},  crossrefonly = 1,}@proceedings{ASIACRYPT2010,  editor    = {Masayuki Abe},  title     = {Advances in Cryptology - ASIACRYPT 2010 - 16th International               Conference on the Theory and Application of Cryptology and               Information Security, Singapore, December 5-9, 2010. Proceedings},  booktitle = {ASIACRYPT 2010},  publisher = springer,  series    = lncs,  volume    = {6477},  year      = {2010},  crossrefonly = 1,}@Proceedings{ASIACRYPT2009,  title        = "Advances in Cryptology - ASIACRYPT 2009, 15th                  International Conference on the Theory and Application                  of Cryptology and Information Security, Tokyo, Japan,                  December 6-10, 2009. Proceedings",  booktitle    = "ASIACRYPT 2009",  editor       = "Matsui, Mitsuru",  year         = "2009",  series       = lncs,  volume       = "5912",  publisher    = springer,  crossrefonly = 1,}@Proceedings{ASIACRYPT2008,  title        = "Advances in Cryptology - ASIACRYPT 2008, 14th                  International Conference on the Theory and Application                  of Cryptology and Information Security, Melbourne,                  Australia, December 7-11, 2008. Proceedings",  booktitle    = "ASIACRYPT 2008",  editor       = "Pieprzyk, Josef",  year         = "2008",  series       = lncs,  volume       = "5350",  publisher    = springer,  crossrefonly = 1,}@Proceedings{ASIACRYPT2007,  title        = "Advances in Cryptology - ASIACRYPT 2007, 13th                  International Conference on the Theory and Application                  of Cryptology and Information Security, Kuching,                  Malaysia, December 2-6, 2007, Proceedings",  booktitle    = "ASIACRYPT 2007",  editor       = "Kurosawa, Kaoru",  year         = "2007",  series       = lncs,  volume       = "4833",  publisher    = springer,  crossrefonly = 1,}@Proceedings{ASIACRYPT2006,  title        = "Advances in Cryptology - ASIACRYPT 2006, 12th                  International Conference on the Theory and Application                  of Cryptology and Information Security, Shanghai,                  China, December 3-7, 2006, Proceedings",  booktitle    = "ASIACRYPT 2006",  editor       = "Lai, Xuejia and Chen, Kefei",  year         = "2006",  series       = lncs,  volume       = "4284",  publisher    = springer,  crossrefonly = 1,}@Proceedings{ASIACRYPT2005,  title        = "Advances in Cryptology - ASIACRYPT 2005, 11th                  International Conference on the Theory and Application                  of Cryptology and Information Security, Chennai, India,                  December 4-8, 2005, Proceedings",  booktitle    = "ASIACRYPT 2005",  editor       = "Roy, Bimal K.",  year         = "2005",  series       = lncs,  volume       = "3788",  publisher    = springer,  crossrefonly = 1,}@Proceedings{ASIACRYPT2004,  title        = "Advances in Cryptology - ASIACRYPT 2004, 10th                  International Conference on the Theory and Application                  of Cryptology and Information Security, Jeju Island,                  Korea, December 5-9, 2004, Proceedings",  booktitle    = "ASIACRYPT 2004",  editor       = "Lee, Pil Joong",  year         = "2004",  series       = lncs,  volume       = "3329",  publisher    = springer,  crossrefonly = 1,}@Proceedings{ASIACRYPT2003,  title        = "Advances in Cryptology - ASIACRYPT 2003, 9th                  International Conference on the Theory and Application                  of Cryptology and Information Security, Taipei, Taiwan,                  November 30 - December 4, 2003, Proceedings",  booktitle    = "ASIACRYPT 2003",  editor       = "Laih, Chi Sung",  year         = "2003",  series       = lncs,  volume       = "2894",  publisher    = springer,  crossrefonly = 1,}@Proceedings{ASIACRYPT2002,  title        = "Advances in Cryptology - ASIACRYPT 2002, 8th                  International Conference on the Theory and Application                  of Cryptology and Information Security, Queenstown,                  New Zealand, December 1-5, 2002, Proceedings",  booktitle    = "ASIACRYPT 2002",  editor       = "Zheng, Yuliang",  year         = "2002",  series       = lncs,  volume       = "2501",  publisher    = springer,  crossrefonly = 1,}@Proceedings{ASIACRYPT2001,  title        = "Advances in Cryptology - ASIACRYPT 2001, 7th                  International Conference on the Theory and Application                  of Cryptology and Information Security, Gold Coast,                  Australia, December 9-13, 2001, Proceedings",  booktitle    = "ASIACRYPT 2001",  editor       = "Boyd, Colin",  year         = "2001",  series       = lncs,  volume       = "2248",  publisher    = springer,  crossrefonly = 1,}@Proceedings{ASIACRYPT2000,  title        = "Advances in Cryptology - ASIACRYPT 2000, 6th                  International Conference on the Theory and Application                  of Cryptology and Information Security, Kyoto, Japan,                  December 3-7, 2000, Proceedings",  booktitle    = "ASIACRYPT 2000",  editor       = "Okamoto, Tatsuaki",  year         = "2000",  series       = lncs,  volume       = "1976",  publisher    = springer,  crossrefonly = 1,}@Proceedings{ASIACRYPT99,  title        = "Advances in Cryptology - ASIACRYPT '99, International                  Conference on the Theory and Applications of                  Cryptology and Information Security, Singapore,                  November 14-18, 1999, Proceedings",  booktitle    = "ASIACRYPT '99",  editor       = "Lam, Kwok-Yan and Okamoto, Eiji and Xing, Chaoping",  year         = "1999",  series       = lncs,  volume       = "1716",  publisher    = springer,  crossrefonly = 1,}@Proceedings{ASIACRYPT98,  title        = "Advances in Cryptology - ASIACRYPT '98, International                  Conference on the Theory and Applications of                  Cryptology and Information Security, Beijing, China,                  October 18-22, 1998, Proceedings",  booktitle    = "ASIACRYPT '98",  editor       = "Ohta, Kazuo and Pei, Dingyi",  year         = "1998",  series       = lncs,  volume       = "1514",  publisher    = springer,  crossrefonly = 1,}@Proceedings{ASIACRYPT96,  title        = "Advances in Cryptology - ASIACRYPT '96, International                  Conference on the Theory and Applications of                  Cryptology and Information Security, Kyongju, Korea,                  November 3-7, 1996, Proceedings",  booktitle    = "ASIACRYPT '96",  editor       = "Kim, Kwangjo and Matsumoto, Tsutomu",  year         = "1996",  series       = lncs,  volume       = "1163",  publisher    = springer,  crossrefonly = 1,}@Proceedings{ASIACRYPT94,  title        = "Advances in Cryptology - ASIACRYPT '94, 4th                  International Conference on the Theory and                  Applications of Cryptology, Wollongong, Australia,                  November 28 - December 1, 1994, Proceedings",  booktitle    = "ASIACRYPT '94",  editor       = "Pieprzyk, Josef and Safavi-Naini, Reihaneh",  year         = "1995",  series       = lncs,  volume       = "917",  publisher    = springer,  crossrefonly = 1,}@Proceedings{ASIACRYPT92,  title        = "Advances in Cryptology - AUSCRYPT '92, Workshop on the                  Theory and Application of Cryptographic Techniques,                  Gold Coast, Queensland, Australia, December 13-16,                  1992, Proceedings",  booktitle    = "ASIACRYPT '92",  editor       = "Seberry, Jennifer and Zheng, Yuliang",  year         = "1993",  series       = lncs,  volume       = "718",  publisher    = springer,  crossrefonly = 1,}@Proceedings{ASIACRYPT91,  title        = "Advances in Cryptology - ASIACRYPT '91, International                  Conference on the Theory and Applications of                  Cryptology, Fujiyoshida, Japan, November 11-14, 1991,                  Proceedings",  booktitle    = "ASIACRYPT '91",  editor       = "Imai, Hideki and Rivest, Ronald L. and Matsumoto, Tsutomu",  year         = "1993",  series       = lncs,  volume       = "739",  publisher    = springer,  crossrefonly = 1,}@Proceedings{ASIACRYPT90,  title        = "Advances in Cryptology - AUSCRYPT '90, International                  Conference on Cryptology, Sydney, Australia, January                  8-11, 1990, Proceedings",  booktitle    = "ASIACRYPT '90",  editor       = "Seberry, Jennifer and Pieprzyk, Josef",  year         = "1990",  series       = lncs,  volume       = "453",  publisher    = springer,  crossrefonly = 1,}%%%%%%%%%%%%%%%%%%%%% CCS 2014 - 1993  %%%%%%%%%%%%%%%%%%%%%@proceedings{CCS2014,  title        = "2014 ACM SIGSAC Conference on Computer and                  Communications Security, CCS'14, Berlin, Germany,                  November 3-7, 2014.",  booktitle    = "CCS 2014",  editor       = "Gail-Joon Ahn and Moti Yung and Ninghui Li",  year         = "2014",  publisher    = "ACM",  crossrefonly = 1,}@proceedings{CCS2013,  title        = "2013 ACM SIGSAC Conference on Computer and                  Communications Security, CCS'13, Berlin, Germany,                  November 4-8, 2013.",  booktitle    = "CCS 2013",  editor       = "Sadeghi, Ahmad-Reza and Gligor, Virgil D. and Yung, Moti",  year         = "2013",  publisher    = "ACM",  crossrefonly = 1,}@proceedings{CCS2012,  title        = "the ACM Conference on Computer and Communications                  Security, CCS'12, Raleigh, NC, USA, October 16-18, 2012.",  booktitle    = "CCS 2012",  editor       = "Yu, Ting and Danezis, George and Gligor, Virgil D.",  year         = "2012",  publisher    = "ACM",  crossrefonly = 1,}@proceedings{CCS2011,  title        = "Proceedings of the 18th ACM Conference on Computer and                  Communications Security, CCS 2011, Chicago, Illinois,                  USA, October 17-21, 2011.",  booktitle    = "CCS 2011",  editor       = "Chen, Yan and Danezis, George and Shmatikov, Vitaly",  year         = "2011",  publisher    = "ACM",  crossrefonly = 1,}@proceedings{CCS2010,  title        = "Proceedings of the 17th ACM Conference on Computer and                  Communications Security, CCS 2010, Chicago, Illinois,                  USA, October 4-8, 2010.",  booktitle    = "CCS 2010",  editor       = "Al-Shaer, Ehab and Keromytis, Angelos D. and Shmatikov,                  Vitaly",  year         = "2010",  publisher    = "ACM",  crossrefonly = 1,}@proceedings{ASIACCS2010,  title        = "Proceedings of the 5th ACM Symposium on Information,                  Computer and Communications Security, ASIACCS 2010,                  Beijing, China, April 13-16, 2010",  booktitle    = "ASIACCS 2010",  editor       = "Feng, Dengguo and Basin, David A. and Liu, Peng",  year         = "2010",  publisher    = "ACM",  crossrefonly = 1,}@proceedings{CCS2009,  title        = "Proceedings of the 2009 ACM Conference on Computer and                  Communications Security, CCS 2009, Chicago, Illinois,                  USA, November 9-13, 2009",  booktitle    = "CCS 2009",  editor       = "Al-Shaer, Ehab and Jha, Somesh and Keromytis, Angelos                  D.",  year         = "2009",  publisher    = "ACM",  crossrefonly = 1,}@proceedings{ASIACCS2009,  title        = "Proceedings of the 2009 ACM Symposium on Information,                  Computer and Communications Security, ASIACCS 2009,                  Sydney, Australia, March 10-12, 2009",  booktitle    = "ASIACCS 2009",  editor       = "Li, Wanqing and Susilo, Willy and Tupakula, Udaya                  Kiran and Safavi-Naini, Reihaneh and Varadharajan, Vijay",  year         = "2009",  publisher    = "ACM",  crossrefonly = 1,}@proceedings{CCS2008,  title        = "Proceedings of the 2008 ACM Conference on Computer and                  Communications Security, CCS 2008, Alexandria,                  Virginia, USA, October 27-31, 2008",  booktitle    = "CCS 2009",  editor       = "Ning, Peng and Syverson, Paul F. and Jha, Somesh",  year         = "2008",  publisher    = "ACM",  crossrefonly = 1,}@proceedings{CCS2007,  title        = "Proceedings of the 2007 ACM Conference on Computer and                  Communications Security, CCS 2007, Alexandria,                  Virginia, USA, October 28-31, 2007",  booktitle    = "CCS 2007",  editor       = "Ning, Peng and {De Capitani di Vimercati}, Sabrina and                  Syverson, Paul F.",  year         = "2007",  publisher    = "ACM",  crossrefonly = 1,}@proceedings{CCS2006,  title        = "Proceedings of the 13th ACM Conference on Computer and                  Communications Security, CCS 2006, Alexandria, VA, USA,                  October 30 - November 3, 2006",  booktitle    = "CCS 2006",  editor       = "Juels, Ari and Wright, Rebecca N. and {De Capitani di                  Vimercati}, Sabrina",  year         = "2006",  publisher    = "ACM",  crossrefonly = 1,}@proceedings{CCS2005,  title        = "Proceedings of the 12th ACM Conference on Computer and                  Communications Security, CCS 2005, Alexandria, VA, USA,                  November 7-11, 2005",  booktitle    = "CCS 2005",  editor       = "Atluri, Vijay and Meadows, Catherine and Juels, Ari",  year         = "2005",  publisher    = "ACM",  crossrefonly = 1,}@proceedings{CCS2004,  title        = "Proceedings of the 11th ACM Conference on Computer and                  Communications Security, CCS 2004, Washingtion, DC,                  USA, October 25-29, 2004",  booktitle    = "CCS 2004",  editor       = "Atluri, Vijayalakshimi and Pfitzmann, Birgit and                  McFaniel, Patrick",  year         = "2004",  publisher    = "ACM",  crossrefonly = 1,}@proceedings{CCS2003,  title        = "Proceedings of the 10th ACM Conference on Computer and                  Communications Security, CCS 2003, Washingtion, DC,                  USA, October 27-30, 2003",  booktitle    = "CCS 2003",  editor       = "Jajodia, Sushil and Atluri, Vijayalakshimi and Jaeger,                  Trent",  year         = "2003",  publisher    = "ACM",  crossrefonly = 1,}@proceedings{CCS2002,  title        = "Proceedings of the 9th ACM Conference on Computer and                  Communications Security, CCS 2002, Washingtion, DC,                  USA, November 18-22, 2002",  booktitle    = "CCS 2002",  editor       = "Atluri, Vijayalakshimi",  year         = "2002",  publisher    = "ACM",  crossrefonly = 1,}@proceedings{CCS2001,  title        = "CCS 2001, Proceedings of the 8th ACM Conference on                  Computer and Communications Security. November 6-8,                  2001, Philadelphia, Pennsylvania, USA",  booktitle    = "CCS 2001",  year         = "2001",  publisher    = "ACM",  crossrefonly = 1,}@proceedings{CCS2000,  title        = "CCS 2000, Proceedings of the 7th ACM Conference on                  Computer and Communications Security. November 1-4,                  2000, Athens, Greece",  booktitle    = "CCS 2000",  year         = "2000",  publisher    = "ACM",  crossrefonly = 1,}@proceedings{CCS99,  title        = "CCS '99, Proceedings of the 6th ACM Conference on                  Computer and Communications Security",  booktitle    = "CCS '99",  year         = "1999",  publisher    = "ACM",  crossrefonly = 1,}@proceedings{CCS98,  title        = "CCS '98, Proceedings of the 5th ACM Conference on                  Computer and Communications Security, November 3-5,                  1998, San Francisco, CA, USA",  booktitle    = "CCS '98",  year         = "1998",  publisher    = "ACM",  crossrefonly = 1,}@proceedings{CCS97,  title        = "CCS '97, Proceedings of the 4th ACM Conference on                  Computer and Communications Security, April 1-4, 1997,                  Zurich, Switzerland",  booktitle    = "CCS '97",  year         = "1997",  publisher    = "ACM",  crossrefonly = 1,}@proceedings{CCS96,  title        = "CCS '96, Proceedings of the 3rd ACM Conference on                  Computer and Communications Security, March 14-16 1996,                  New Delhi, India",  booktitle    = "CCS '96",  year         = "1996",  publisher    = "ACM",  crossrefonly = 1,}@proceedings{CCS94,  title        = "CCS '94, Proceedings of the 2nd ACM Conference on                  Computer and Communications Security, November 2-4,                  1994, Fairfax, Virginia, USA",  booktitle    = "CCS '94",  year         = "1994",  publisher    = "ACM",  crossrefonly = 1,}@proceedings{CCS93,  title        = "CCS '93, Proceedings of the 1st ACM Conference on                  Computer and Communications Security, November 3-5,                  1993, Fairfax, Virginia, USA",  booktitle    = "CCS '93",  year         = "1993",  publisher    = "ACM",  crossrefonly = 1,}%%%%%%%%%%%%%%%%%%%%%%%%%% ASIACCS ASIAPKC 2013 -  2006%%%%%%%%%%%%%%%%%%%%%%%%%@proceedings{ASIAPKC2013,  title        = "AsiaPKC '13: Proceedings of the First ACM Workshop on                  Asia Public-key Cryptography",  booktitle    = "AsiaPKC 2013",  editor       = "Xu, Shouhuai and Zhao, Yunlei",  year         = "2013",  publisher    = "ACM",  crossrefonly = 1,}@proceedings{ASIACCS2013,  title        = "8th ACM Symposium on Information, Computer and                  Communications Security, ASIA CCS '13, Hangzhou, China                  - May 08 - 10, 2013.",  booktitle    = "ASIACCS 2013",  editor       = "Chen, Kefei and Xie, Qi and Qiu, Weidong and Li,                  Ninghui and Tzeng, Wen-Guey",  year         = "2013",  publisher    = "ACM",  crossrefonly = 1,}@proceedings{ASIACCS2012,  title        = "7th ACM Symposium on Information, Compuer and                  Communications Security, ASIACCS '12, Seoul, Korea,                  May 2-4, 2012.",  booktitle    = "ASIACCS 2012",  editor       = "Youm, Heung Youl and Won, Yoojae",  year         = "2012",  publisher    = "ACM",  crossrefonly = 1,}@proceedings{ASIACCS2011,  title        = "Proceedings of the 6th ACM Symposium on Information,                  Computer and Communications Security, ASIACCS 2011,                  Hong Kong, China, March 22-24, 2011",  booktitle    = "ASIACCS 2011",  editor       = "Cheung, Bruce S. N. and Hui, Lucas Chi Kwong and                  Sandhu, Ravi S. and Wong, Duncan S.",  year         = "2011",  publisher    = "ACM",  crossrefonly = 1,}@proceedings{ASIACCS2010,  title        = "Proceedings of the 5th ACM Symposium on Information,                  Computer and Communications Security, ASIACCS 2010,                  Beijing, China, April 13-16, 2010",  booktitle    = "ASIACCS 2010",  editor       = "Feng, Dengguo and Basin, David A. and Liu, Peng",  year         = "2010",  publisher    = "ACM",  crossrefonly = 1,}@proceedings{ASIACCS2009,  title        = "Proceedings of the 2009 ACM Symposium on Information,                  Computer and Communications Security, ASIACCS 2009,                  Sydney, Australia, March 10-12, 2009",  booktitle    = "ASIACCS 2009",  editor       = "Li, Wanqing and Susilo, Willy and Tupakula, Udaya                  Kiran and Safavi-Naini, Reihaneh and Varadharajan, Vijay",  year         = "2009",  publisher    = "ACM",  crossrefonly = 1,}@proceedings{ASIACCS2008,  title        = "Proceedings of the 2008 ACM Symposium on Information,                  Computer and Communications Security, ASIACCS 2008,                  Tokyo, Japan, March 18-20, 2008",  booktitle    = "ASIACCS 2008",  editor       = "Abe, Masayuki and Gligor, Virgil D.",  year         = "2008",  publisher    = "ACM",  crossrefonly = 1,}@proceedings{ASIACCS2007,  title        = "Proceedings of the 2007 ACM Symposium on Information,                  Computer and Communications Security, ASIACCS 2007,                  Singapore, March 20-22, 2007",  booktitle    = "ASIACCS 2007",  editor       = "Bao, Feng and Miller, Steven",  year         = "2007",  publisher    = "ACM",  crossrefonly = 1,}@proceedings{ASIACCS2006,  title        = "Proceedings of the 2006 ACM Symposium on Information,                  Computer and Communications Security, ASIACCS 2006,                  Taipei, Taiwan, March 21-24, 2006",  booktitle    = "ASIACCS 2006",  editor       = "Lin, Ferng-Ching and Lee, Der-Tsai and Lin, Bao-Shuh                  and Shieh, Shiuhpyng and Jajodia, Sushil",  year         = "2006",  publisher    = "ACM",  crossrefonly = 1,}%%%%%%%%%%%%%%%%%%%% PKC 2014 - 1998 %%%%%%%%%%%%%%%%%%%%@Proceedings{PKC2014,  title        = "Public-Key Cryptography - PKC 2014 - 17th                  International Conference on Practice and Theory in                  Public-Key Cryptography, Buenos Aires, Argentina,                  March 26-28, 2014. Proceedings",  booktitle    = "PKC 2014",  editor       = "Krawczyk, Hugo",  year         = "2014",  series       = lncs,  volume       = "8383",  publisher    = springer,  crossrefonly = 1,}@proceedings{PKC2013,  editor    = {Kaoru Kurosawa},  title     = {Public Key Cryptography - PKC 2013 - 16th International               Conference on Practice and Theory in Public Key Cryptography,               Nara, Feb.~26-Mar.~1, 2013. Proceedings},  booktitle = {Public Key Cryptography},  publisher = springer,  series    = lncs,  volume    = {7778},  year      = {2013},  crossrefonly = 1,}@proceedings{PKC2012,  editor    = {Marc Fischlin and               Johannes Buchmann and               Mark Manulis},  title     = {Public Key Cryptography - PKC 2012 - 15th International               Conference on Practice and Theory in Public Key Cryptography,               Darmstadt, Germany, May 21-23, 2012. Proceedings},  booktitle = {Public Key Cryptography},  publisher = springer,  series    = lncs,  volume    = {7293},  year      = {2012},  crossrefonly = 1,}@proceedings{PKC2011,  editor    = {Dario Catalano and               Nelly Fazio and               Rosario Gennaro and               Antonio Nicolosi},  title     = {Public Key Cryptography - PKC 2011 14th International               Conference on Practice and Theory in Public Key Cryptography,               Taormina, Italy, March 6-9, 2011. Proceedings},  booktitle = {PKC 2011},  publisher = springer,  series    = lncs,  volume    = {6571},  year      = {2011},  crossrefonly = 1,}@Proceedings{PKC2010,  title        = "Public Key Cryptography - PKC 2010, 13th International                  Conference on Practice and Theory in Public Key                  Cryptography, Paris, France, May 26-28, 2010. Proceedings",  booktitle    = "PKC 2010",  editor       = "Nguyen, Phong Q. and Pointcheval, David",  year         = "2010",  series       = lncs,  volume       = "6056",  publisher    = springer,  crossrefonly = 1,}@Proceedings{PKC2009,  title        = "Public Key Cryptography - PKC 2009, 12th International                  Conference on Practice and Theory in Public Key                  Cryptography, Irvine, CA, USA, March 18-20, 2009. Proceedings",  booktitle    = "PKC 2009",  editor       = "Jarecki, Stanislaw and Tsudik, Gene",  year         = "2009",  series       = lncs,  volume       = "5443",  publisher    = springer,  crossrefonly = 1,}@Proceedings{PKC2008,  title        = "Public Key Cryptography - PKC 2008, 11th International                  Workshop on Practice and Theory in Public-Key                  Cryptography, Barcelona, Spain, March 9-12, 2008. Proceedings",  booktitle    = "PKC 2008",  editor       = "Cramer, Ronald",  year         = "2008",  series       = lncs,  volume       = "4939",  publisher    = springer,  crossrefonly = 1,}@Proceedings{PKC2007,  title        = "Public Key Cryptography - PKC 2007, 10th International                  Conference on Practice and Theory in Public-Key                  Cryptography, Beijing, China, April 16-20, 2007, Proceedings",  booktitle    = "PKC 2007",  editor       = "Okamoto, Tatsuaki and Wang, Xiaoyun",  year         = "2007",  series       = lncs,  volume       = "4450",  publisher    = springer,  crossrefonly = 1,}@Proceedings{PKC2006,  title        = "Public Key Cryptography - PKC 2006, 9th International                  Conference on Theory and Practice of Public-Key                  Cryptography, New York, NY, USA, April 24-26, 2006, Proceedings",  booktitle    = "PKC 2006",  editor       = "Yung, Moti and Dodis, Yevgeniy and Kiayias, Aggelos                  and Malkin, Tal",  year         = "2006",  series       = lncs,  volume       = "3958",  publisher    = springer,  crossrefonly = 1,}@Proceedings{PKC2005,  title        = "Public Key Cryptography - PKC 2005, 8th International                  Workshop on Theory and Practice in Public Key                  Cryptography, Les Diablerets, Switzerland, January                  23-26, 2005, Proceedings",  booktitle    = "PKC 2005",  editor       = "Serge Vaudenay",  year         = "2005",  series       = lncs,  volume       = "3386",  publisher    = springer,  crossrefonly = 1,}@Proceedings{PKC2004,  title        = "Public Key Cryptography - PKC 2004, 7th International                  Workshop on Theory and Practice in Public Key                  Cryptography, Singapore, March 1-4, 2004, Proceedings",  booktitle    = "PKC 2004",  editor       = "Bao, Feng and Deng, Robert H. and Zhou, Jianying",  year         = "2004",  series       = lncs,  volume       = "2947",  publisher    = springer,  crossrefonly = 1,}@Proceedings{PKC2003,  title        = "Public Key Cryptography - PKC 2003, 6th International                  Workshop on Theory and Practice in Public Key                  Cryptography, Miami, FL, USA, January 6-8, 2003, Proceedings",  booktitle    = "PKC 2003",  editor       = "Desmedt, Yvo",  year         = "2003",  series       = lncs,  volume       = "2567",  publisher    = springer,  crossrefonly = 1,}@Proceedings{PKC2002,  title        = "Public Key Cryptography, 5th International Workshop on                  Practice and Theory in Public Key Cryptosystems, PKC                  2002, Paris, France, February 12-14, 2002, Proceedings",  booktitle    = "PKC 2002",  editor       = "Naccache, David and Paillier, Pascal",  year         = "2002",  series       = lncs,  volume       = "2274",  publisher    = springer,  crossrefonly = 1,}@Proceedings{PKC2001,  title        = "Public Key Cryptography, 4th International Workshop on                  Practice and Theory in Public Key Cryptography, PKC                  2001, Cheju Island, Korea, February 13-15, 2001, Proceedings",  booktitle    = "PKC 2001",  editor       = "Kim, Kwangjo",  year         = "2001",  series       = lncs,  volume       = "1992",  publisher    = springer,  crossrefonly = 1,}@Proceedings{PKC2000,  title        = "Public Key Cryptography, Third International Workshop                  on Practice and Theory in Public Key Cryptography, PKC                  2000, Melbourne, Victoria, Australia, January 18-20,                  2000, Proceedings",  booktitle    = "PKC 2000",  editor       = "Imai, Hideki and Zheng, Yuliang",  year         = "2000",  series       = lncs,  volume       = "1751",  publisher    = springer,  crossrefonly = 1,}@Proceedings{PKC99,  title        = "Public Key Cryptography, Second International Workshop                  on Practice and Theory in Public Key Cryptography, PKC                  '99, Kamakura, Japan, March 1-3, 1999, Proceedings",  booktitle    = "PKC '99",  editor       = "Imai, Hideki and Zheng, Yuliang",  year         = "1999",  series       = lncs,  volume       = "1560",  publisher    = springer,  crossrefonly = 1,}@Proceedings{PKC98,  title        = "Public Key Cryptography, First International Workshop                  on Practice and Theory in Public Key Cryptography, PKC                  '98, Pacifico Yokohama, Japan, February 5-6, 1998, Proceedings",  booktitle    = "PKC '98",  editor       = "Imai, Hideki and Zheng, Yuliang",  year         = "1998",  series       = lncs,  volume       = "1431",  publisher    = springer,  crossrefonly = 1,}%%%%%%%%%%%%%%%%%%%%%%% TCC    2014 - 2004 %%%%%%%%%%%%%%%%%%%%%%%@proceedings{TCC2014,  title        = "Theory of Cryptography - 11th Theory of Cryptography                  Conference, TCC 2014, San Diego, CA, USA, February                  24-26, 2014. Proceedings.",  booktitle    = "TCC 2014",  editor       = "Lindell, Yehuda",  year         = "2014",  series       = lncs,  volume       = "8349",  publisher    = springer,  crossrefonly = 1,}@proceedings{TCC2013,  editor    = {Amit Sahai},  title     = {Theory of Cryptography - 10th Theory of Cryptography Conference,               TCC 2013, Tokyo, Japan, March 3-6, 2013. Proceedings},  booktitle = {TCC},  publisher = springer,  series    = lncs,  volume    = {7785},  year      = {2013},  crossrefonly = 1,}@proceedings{TCC2012,  editor    = {Ronald Cramer},  title     = {Theory of Cryptography - 9th Theory of Cryptography Conference,               TCC 2012, Taormina, Sicily, Italy, March 19-21, 2012. Proceedings},  booktitle = {TCC},  publisher = springer,  series    = lncs,  volume    = {7194},  year      = {2012},  crossrefonly = 1,}@proceedings{TCC2011,  editor    = {Yuval Ishai},  title     = {Theory of Cryptography - 8th Theory of Cryptography Conference,               TCC 2011, Providence, RI, USA, March 28-30, 2011. Proceedings},  booktitle = {TCC 2011},  publisher = springer,  series    = lncs,  volume    = {6597},  year      = {2011},  crossrefonly = 1,}@proceedings{TCC2010,  title        = "Theory of Cryptography, 7th Theory of Cryptography                  Conference, TCC 2010, Zurich, Switzerland, February                  9-11, 2010, Proceedings",  booktitle    = "TCC 2010",  editor       = "Micciancio, Daniele",  year         = "2010",  series       = lncs,  volume       = "5978",  publisher    = springer,  crossrefonly = 1,}@proceedings{TCC2009,  title        = "Theory of Cryptography, 6th Theory of Cryptography                  Conference, TCC 2009, San Francisco, CA, USA, March                  15-17, 2009, Proceedings",  booktitle    = "TCC 2009",  editor       = "Reingold, Omer",  year         = "2009",  series       = lncs,  volume       = "5444",  publisher    = springer,  crossrefonly = 1,}@proceedings{TCC2008,  title        = "Theory of Cryptography, Fifth Theory of Cryptography                  Conference, TCC 2008, New York, USA, March 19-21, 2008,                  Proceedings",  booktitle    = "TCC 2008",  editor       = "Dodis, Yevgeniy and Shoup, Victor",  year         = "2008",  series       = lncs,  volume       = "4948",  publisher    = springer,  crossrefonly = 1,}@proceedings{TCC2007,  title        = "Theory of Cryptography, 4th Theory of Cryptography                  Conference, TCC 2007, Amsterdam, The Netherlands,                  February 21-24, 2007, Proceedings",  booktitle    = "TCC 2007",  editor       = "Vadhan, Salil P.",  year         = "2007",  series       = lncs,  volume       = "4392",  publisher    = springer,  crossrefonly = 1,}@proceedings{TCC2006,  title        = "Theory of Cryptography, Third Theory of Cryptography                  Conference, TCC 2006, New York, NY, USA, March 4-7,                  2006, Proceedings",  booktitle    = "TCC 2006",  editor       = "Halevi, Shai and Rabin, Tal",  year         = "2006",  series       = lncs,  volume       = "3876",  publisher    = springer,  crossrefonly = 1,}@proceedings{TCC2005,  title        = "Theory of Cryptography, Second Theory of Cryptography                  Conference, TCC 2005, Cambridge, MA, USA, February                  10-12, 2005, Proceedings",  booktitle    = "TCC 2005",  editor       = "Kilian, Joe",  year         = "2005",  series       = lncs,  volume       = "3378",  publisher    = springer,  crossrefonly = 1,}@proceedings{TCC2004,  title        = "Theory of Cryptography, First Theory of Cryptography                  Conference, TCC 2004, Cambridge, MA, USA, February                  19-21, 2004, Proceedings",  booktitle    = "TCC 2004",  editor       = "Naor, Moni",  year         = "2004",  series       = lncs,  volume       = "2951",  publisher    = springer,  crossrefonly = 1,}%%%%%%%%%%%%%%%%%%%%%%% CT-RSA 2014 - 2001 %%%%%%%%%%%%%%%%%%%%%%%@Proceedings{CTRSA2014,  title        = "Topics in Cryptology - CT-RSA 2014 - The                  Cryptographer's Track at the RSA Conference 2014, San                  Francisco, CA, USA, February 25-28, 2014. Proceedings.",  booktitle    = "CT-RSA 2014",  editor       = "Benaloh, Josh",  year         = "2014",  series       = lncs,  volume       = "8366",  publisher    = springer,  crossrefonly = 1,}@proceedings{CTRSA2013,  title        = "Topics in Cryptology - CT-RSA 2013 - The                  Cryptographers' Track at the RSA Conference 2013, San                  Francisco,CA, USA, February 25-March 1, 2013. Proceedings.",  booktitle    = "CT-RSA 2013",  editor    = {Ed Dawson},  year         = "2013",  series       = lncs,  volume       = "7779",  publisher    = springer,  crossrefonly = 1,}@proceedings{CTRSA2012,  editor    = {Orr Dunkelman},  title     = {Topics in Cryptology - CT-RSA 2012 - The Cryptographers'               Track at the RSA Conference 2012, San Francisco, CA, USA,               February 27 - March 2, 2012. Proceedings},  booktitle = {CT-RSA},  publisher = springer,  series    = lncs,  volume    = {7178},  year      = {2012},  crossrefonly = 1,}@proceedings{CTRSA2011,  editor    = {Aggelos Kiayias},  title     = {Topics in Cryptology - CT-RSA 2011 - The Cryptographers'               Track at the RSA Conference 2011, San Francisco, CA, USA,               February 14-18, 2011. Proceedings},  booktitle = {CT-RSA 2011},  publisher = springer,  series    = lncs,  volume    = {6558},  year      = {2011},  crossrefonly = 1,}@Proceedings{CTRSA2010,  title        = "Topics in Cryptology - CT-RSA 2010, The                  Cryptographers' Track at the RSA Conference 2010, San                  Francisco, CA, USA, March 1-5, 2010, Proceedings",  booktitle    = "CT-RSA 2010",  editor       = "Pieprzyk ,Josef",  year         = "2010",  series       = lncs,  volume       = "5985",  publisher    = springer,  crossrefonly = 1,}@Proceedings{CTRSA2009,  title        = "Topics in Cryptology - CT-RSA 2009, The                  Cryptographers' Track at the RSA Conference 2009, San                  Francisco, CA, USA, April 20-24, 2009, Proceedings",  booktitle    = "CT-RSA 2009",  editor       = "Fischlin, Marc",  year         = "2009",  series       = lncs,  volume       = "5473",  publisher    = springer,  crossrefonly = 1,}@Proceedings{CTRSA2008,  title        = "Topics in Cryptology - CT-RSA 2008, The                  Cryptographers' Track at the RSA Conference 2008, San                  Francisco, CA, USA, April 8-11, 2008, Proceedings",  booktitle    = "CT-RSA 2008",  editor       = "Malkin, Tal",  year         = "2008",  series       = lncs,  volume       = "4964",  publisher    = springer,  crossrefonly = 1,}@Proceedings{CTRSA2007,  title        = "Topics in Cryptology - CT-RSA 2007, The                  Cryptographers' Track at the RSA Conference 2007, San                  Francisco, CA, USA, February 5-9, 2007, Proceedings",  booktitle    = "CT-RSA 2007",  editor       = "Abe, Masayuki",  year         = "2007",  series       = lncs,  volume       = "4377",  publisher    = springer,  crossrefonly = 1,}@Proceedings{CTRSA2006,  title        = "Topics in Cryptology - CT-RSA 2006, The                  Cryptographers' Track at the RSA Conference 2006, San                  Jose, CA, USA, February 13-17, 2006, Proceedings",  booktitle    = "CT-RSA 2006",  editor       = "Pointcheval, David",  year         = "2006",  series       = lncs,  volume       = "3860",  publisher    = springer,  crossrefonly = 1,}@Proceedings{CTRSA2005,  title        = "Topics in Cryptology - CT-RSA 2005, The                  Cryptographers' Track at the RSA Conference 2005, San                  Francisco, CA, USA, February 14-18, 2005, Proceedings",  booktitle    = "CT-RSA 2005",  editor       = "Menezes, Alfred",  year         = "2005",  series       = lncs,  volume       = "3376",  publisher    = springer,  crossrefonly = 1,}@Proceedings{CTRSA2004,  title        = "Topics in Cryptology - CT-RSA 2004, The                  Cryptographers' Track at the RSA Conference 2004, San                  Francisco, CA, USA, February 23-27, 2004, Proceedings",  booktitle    = "CT-RSA 2004",  editor       = "Okamoto, Tatsuaki",  year         = "2004",  series       = lncs,  volume       = "2964",  publisher    = springer,  crossrefonly = 1,}@Proceedings{CTRSA2003,  title        = "Topics in Cryptology - CT-RSA 2003, The                  Cryptographers' Track at the RSA Conference 2003, San                  Francisco, CA, USA, April 13-17, 2003, Proceeding",  booktitle    = "CT-RSA 2003",  editor       = "Joye, Marc",  year         = "2003",  series       = lncs,  volume       = "2612",  publisher    = springer,  crossrefonly = 1,}@Proceedings{CTRSA2002,  title        = "Topics in Cryptology - CT-RSA 2002, The                  Cryptographer's Track at the RSA Conference, 2002, San                  Jose, CA, USA, February 18-22, 2002, Proceedings",  booktitle    = "CT-RSA 2002",  editor       = "Preneel, Bart",  year         = "2002",  series       = lncs,  volume       = "2271",  publisher    = springer,  crossrefonly = 1,}@Proceedings{CTRSA2001,  title        = "Topics in Cryptology - CT-RSA 2001, The                  Cryptographer's Track at RSA Conference 2001, San                  Francisco, CA, USA, April 8-12, 2001, Proceedings",  booktitle    = "CT-RSA 2001",  editor       = "Naccache, David",  year         = "2001",  series       = lncs,  volume       = "2020",  publisher    = springer,  crossrefonly = 1,}%%%%%%%%%%%%%%%%%%% FC 2014 - 1997 %%%%%%%%%%%%%%%%%%%@Proceedings{FCWs2014,  title        = "FC 2014 Workshops, BITCOIN and WAHC 2014, Christ Church, Barbados, March 7, 2014, Revised Selected Papers",  booktitle    = "FC 2014 Workshops, BITCOIN and WAHC 2014",  editor       = "XXX, XXXX",  year         = "2014",  series       = lncs,  volume       = "8438",  publisher    = springer,  crossrefonly = 1,}@Proceedings{FCWs2013,  title        = "Financial Cryptography and Data Security - FC 2013                  Workshops, USEC and WAHC 2013, Okinawa, Japan, April 1,                  2013, Revised Selected Papers",  booktitle    = "FC 2013 Workshops, USEC and WAHC 2013",  editor       = "Adams, Andrew A. and Brenner, Michael and Smith, Matthew",  year         = "2013",  series       = lncs,  volume       = "7862",  publisher    = springer,  crossrefonly = 1,}@Proceedings{FC2012,  title        = "Financial Cryptography and Data Security - 16th                  International Conference, FC 2012, Kralendijk, Bonaire,                  Februray 27-March 2, 2012, Revised Selected Papers.",  booktitle    = "FC 2012",  editor       = "Keromytis, Angelos D.",  year         = "2012",  series       = lncs,  volume       = "7397",  publisher    = springer,  crossrefonly = 1,}@Proceedings{FCWs2012,  title        = "Financial Cryptography and Data Security - FC 2012                  Workshops, USEC and WECSR 2012, Kralendijk, Bonaire,                  March 2, 2012, Revised Selected Papers.",  booktitle    = "FC 2012 Workshops, USEC and WECSR 2012",  editor       = "Blythe, Jim and Dietrich, Sven and Camp, L. Jean",  year         = "2012",  series       = lncs,  volume       = "7398",  publisher    = springer,  crossrefonly = 1,}@Proceedings{FC2011,  title        = "Financial Cryptography and Data Security - 15th                  International Conference, FC 2011, Gros Islet, St.                  Lucia, February 28 - March 4, 2011, Revised Selected Papers.",  booktitle    = "FC 2011",  editor       = "Danezis, George",  year         = "2012",  series       = lncs,  volume       = "7035",  publisher    = springer,  crossrefonly = 1,}@Proceedings{FC2010,  title        = "Financial Cryptography and Data Security, 14th                  International Conference, FC 2010, Tenerife, Canary                  Islands, January 25-28, 2010, Revised Selected Papers",  booktitle    = "FC 2010",  editor       = "Sion, Radu",  year         = "2010",  series       = lncs,  volume       = "6052",  publisher    = springer,  crossrefonly = 1,}@Proceedings{FC2009,  title        = "Financial Cryptography and Data Security, 13th                  International Conference, FC 2009, Accra Beach,                  Barbados, February 23-26, 2009. Revised Selected Papers",  booktitle    = "FC 2009",  editor       = "Dingledine, Roger and Golle, Philippe",  year         = "2009",  series       = lncs,  volume       = "5628",  publisher    = springer,  crossrefonly = 1,}@Proceedings{FC2008,  title        = "Financial Cryptography and Data Security, 12th                  International Conference, FC 2008, Cozumel, Mexico,                  January 28-31, 2008, Revised Selected Papers",  booktitle    = "FC 2008",  editor       = "Tsudik, Gene",  year         = "2008",  series       = lncs,  volume       = "5143",  publisher    = springer,  crossrefonly = 1,}@Proceedings{FC2007,  title        = "Financial Cryptography and Data Security, 11th                  International Conference, FC 2007, and 1st                  International Workshop on Usable Security, USEC 2007,                  Scarborough, Trinidad and Tobago, February 12-16, 2007.                  Revised Selected Papers",  booktitle    = "FC 2007",  editor       = "Dietrich, Sven and Dhamija, Rachna",  year         = "2007",  series       = lncs,  volume       = "4886",  publisher    = springer,  crossrefonly = 1,}@Proceedings{FC2006,  title        = "Financial Cryptography and Data Security, 10th                  International Conference, FC 2006, Anguilla, British                  West Indies, February 27-March 2, 2006, Revised                  Selected Papers",  booktitle    = "FC 2006",  editor       = "Di Crescenzo, Giovanni and Rubin, Avi",  year         = "2006",  series       = lncs,  volume       = "4107",  publisher    = springer,  crossrefonly = 1,}@Proceedings{FC2005,  title        = "Financial Cryptography and Data Security, 9th                  International Conference, FC 2005, Roseau, The                  Commonwealth of Dominica, February 28 - March 3, 2005,                  Revised Papers",  booktitle    = "FC 2005",  editor       = "Patrick, Andrew S. and Yung, Moti",  year         = "2005",  series       = lncs,  volume       = "3570",  publisher    = springer,  crossrefonly = 1,}@Proceedings{FC2004,  title        = "Financial Cryptography, 8th International Conference,                  FC 2004, Key West, FL, USA, February 9-12, 2004,                  Revised Papers",  booktitle    = "FC 2004",  editor       = "Juels, Ari",  year         = "2004",  series       = lncs,  volume       = "3110",  publisher    = springer,  crossrefonly = 1,}@Proceedings{FC2003,  title        = "Financial Cryptography, 7th International Conference,                  FC 2003, Guadeloupe, French West Indies, January 27-30,                  2003, Revised Papers",  booktitle    = "FC 2003",  editor       = "Wright, Rebecca N.",  year         = "2003",  series       = lncs,  volume       = "2742",  publisher    = springer,  crossrefonly = 1,}@Proceedings{FC2002,  title        = "Financial Cryptography, 6th International Conference,                  FC 2002, Southampton, Bermuda, March 11-14, 2002,                  Revised Papers",  booktitle    = "FC 2002",  editor       = "Blaze, Matt",  year         = "2002",  series       = lncs,  volume       = "2357",  publisher    = springer,  crossrefonly = 1,}@Proceedings{FC2001,  title        = "Financial Cryptography, 5th International Conference,                  FC 2001, Grand Cayman, British West Indies, February                  19-22, 2001, Proceedings",  booktitle    = "FC 2001",  editor       = "Syverson, Paul F.",  year         = "2001",  series       = lncs,  volume       = "2339",  publisher    = springer,  crossrefonly = 1,}@Proceedings{FC2000,  title        = "Financial Cryptography, 4th International Conference,                  FC 2000 Anguilla, British West Indies, February 20-24,                  2000, Proceedings",  booktitle    = "FC 2000",  editor       = "Frankel, Yair",  year         = "2000",  series       = lncs,  volume       = "1962",  publisher    = springer,  crossrefonly = 1,}@Proceedings{FC99,  title        = "Financial Cryptography, Third International Conference,                  FC'99, Anguilla, British West Indies, February 1999, Proceedings",  booktitle    = "FC '99",  editor       = "Franklin, Matthew K.",  year         = "1999",  series       = lncs,  volume       = "1648",  publisher    = springer,  crossrefonly = 1,}@Proceedings{FC98,  title        = "Financial Cryptography, Second International                  Conference, FC'98, Anguilla, British West Indies,                  February 23-25, 1998, Proceedings",  booktitle    = "FC '98",  editor       = "Hirschfeld, Rafael",  year         = "1998",  series       = lncs,  volume       = "1465",  publisher    = springer,  crossrefonly = 1,}@Proceedings{FC97,  title        = "Financial Cryptography, First International Conference,                  FC '97, Anguilla, British West Indies, February 24-28,                  1997, Proceedings",  booktitle    = "FC '97",  editor       = "Hirschfeld, Rafael",  year         = "1997",  series       = lncs,  volume       = "1318",  publisher    = springer,  crossrefonly = 1,}%%%%%%%%%%%%%%%%%%%% SAC 2013 - 1997 %%%%%%%%%%%%%%%%%%%%@proceedings{SAC2013,  title        = "Selected Areas in Cryptography - SAC 2013 - 20th                  International Conference, Burnaby, BC, Canada, August                  14-16, 2013, Revised Selected Papers.",  booktitle    = "SAC 2013",  editor       = "Lange, Tanja and Lauter, Kristin and Lisonek, Petr",  year         = "2014",  series       = lncs,  volume       = "8282",  publisher    = springer,  crossrefonly = 1,}@proceedings{SAC2012,  title        = "Selected Areas in Cryptography, 19th International                  Conference, SAC 2012, Windsor, ON, Canada, August                  15-16, 2012, Revised Selected Papers.",  booktitle    = "SAC 2012",  editor       = "Knudsen, Lars R. and Wu, Huapeng",  year         = "2013",  series       = lncs,  volume       = "7707",  publisher    = springer,  crossrefonly = 1,}@proceedings{SAC2011,  title        = "Selected Areas in Cryptography - 18th International                  Workshop, SAC 2011, Toronto, ON, Canada, August 11-12,                  2011, Revised Selected Papers.",  booktitle    = "SAC 2011",  editor       = "Miri, Ali and Vaudenay, Serge",  year         = "2012",  series       = lncs,  volume       = "7118",  publisher    = springer,  crossrefonly = 1,}@proceedings{SAC2010,  title        = "Selected Areas in Cryptography - 17th International                  Workshop, SAC 2010, Waterloo, Ontario, Canada, August                  12-13, 2010, Revised Selected Papers",  booktitle    = "SAC 2010",  editor       = "Biryukov, Alex and Gong, Guang and Stinson, Douglas R.",  year         = "2011",  series       = lncs,  volume       = "6544",  publisher    = springer,  crossrefonly = 1,}@Proceedings{SAC2009,  title        = "Selected Areas in Cryptography, 16th Annual                  International Workshop, SAC 2009, Calgary, Alberta,                  Canada, August 13-14, 2009, Revised Selected Papers",  booktitle    = "SAC 2009",  editor       = "Jacobson, Jr., Michael J. and Rijmen, Vincent and                  Safavi-Naini, Reihaneh",  year         = "2009",  series       = lncs,  volume       = "5867",  publisher    = springer,  crossrefonly = 1,}@Proceedings{SAC2008,  title        = "Selected Areas in Cryptography, 15th International                  Workshop, SAC 2008, Sackville, New Brunswick, Canada,                  August 14-15, Revised Selected Papers",  booktitle    = "SAC 2008",  editor       = "Avanzi, Roberto and Keliher, Liam and Sica, Francesco",  year         = "2009",  series       = lncs,  volume       = "5381",  publisher    = springer,  crossrefonly = 1,}@Proceedings{SAC2007,  title        = "Selected Areas in Cryptography, 14th International                  Workshop, SAC 2007, Ottawa, Canada, August 16-17, 2007,                  Revised Selected Papers",  booktitle    = "SAC 2007",  editor       = "Adams, Carlisle M. and Miri, Ali and Wiener, Michale J.",  year         = "2007",  series       = lncs,  volume       = "4876",  publisher    = springer,  crossrefonly = 1,}@Proceedings{SAC2006,  title        = "Selected Areas in Cryptography, 13th International                  Workshop, SAC 2006, Montreal, Canada, August 17-18,                  2006 Revised Selected Papers",  booktitle    = "SAC 2006",  editor       = "Biham, Eli and Youssef, Amr M.",  year         = "2007",  series       = lncs,  volume       = "4356",  publisher    = springer,  crossrefonly = 1,}@Proceedings{SAC2005,  title        = "Selected Areas in Cryptography, 12th International                  Workshop, SAC 2005, Kingston, ON, Canada, August 11-12,                  2005, Revised Selected Papers",  booktitle    = "SAC 2005",  editor       = "Preneel, Bart and Tavares, Stafford E.",  year         = "2006",  series       = lncs,  volume       = "3897",  publisher    = springer,  crossrefonly = 1,}@Proceedings{SAC2004,  title        = "Selected Areas in Cryptography, 11th International                  Workshop, SAC 2004, Waterloo, Canada, August 9-10,                  2004, Revised Selected Papers",  booktitle    = "SAC 2004",  editor       = "Handschuh, Helena and Hasan, M. Anwar",  year         = "2004",  series       = lncs,  volume       = "3357",  publisher    = springer,  crossrefonly = 1,}@Proceedings{SAC2003,  title        = "Selected Areas in Cryptography, 10th Annual                  International Workshop, SAC 2003, Ottawa, Canada,                  August 14-15, 2003, Revised Papers",  booktitle    = "SAC 2003",  editor       = "Matsui, Mitsuru and Zuccherato, Robert J.",  year         = "2004",  series       = lncs,  volume       = "3006",  publisher    = springer,  crossrefonly = 1,}@Proceedings{SAC2002,  title        = "Selected Areas in Cryptography, 9th Annual                  International Workshop, SAC 2002, St. John's,                  Newfoundland, Canada, August 15-16, 2002. Revised Papers",  booktitle    = "SAC 2002",  editor       = "Nyberg, Kaisa and Heys, Howard M.",  year         = "2003",  series       = lncs,  volume       = "2595",  publisher    = springer,  crossrefonly = 1,}@Proceedings{SAC2001,  title        = "Selected Areas in Cryptography, 8th Annual                  International Workshop, SAC 2001 Toronto, Ontario,                  Canada, August 16-17, 2001, Revised Papers",  booktitle    = "SAC 2001",  editor       = "Vaudenay, Serge and Youssef, Amr M.",  year         = "2001",  series       = lncs,  volume       = "2259",  publisher    = springer,  crossrefonly = 1,}@Proceedings{SAC2000,  title        = "Selected Areas in Cryptography, 7th Annual                  International Workshop, SAC 2000, Waterloo, Ontario,                  Canada, August 14-15, 2000, Proceedings",  booktitle    = "SAC 2000",  editor       = "Stinson, Douglas R. and Tavares, Stafford E.",  year         = "2001",  series       = lncs,  volume       = "2012",  publisher    = springer,  crossrefonly = 1,}@Proceedings{SAC99,  title        = "Selected Areas in Cryptography, 6th Annual                  International Workshop, SAC'99, Kingston, Ontario,                  Canada, August 9-10, 1999, Proceedings",  booktitle    = "SAC '99",  editor       = "Heys, Howard M. and Adams, Carlisle M.",  year         = "2000",  series       = lncs,  volume       = "1758",  publisher    = springer,  crossrefonly = 1,}@Proceedings{SAC98,  title        = "Selected Areas in Cryptography '98, SAC'98, Kingston,                  Ontario, Canada, August 17-18, 1998, Proceedings",  booktitle    = "SAC '98",  editor       = "Tavares, Stafford E. and Meijer, Henk",  year         = "1999",  series       = lncs,  volume       = "1556",  publisher    = springer,  crossrefonly = 1,}%%%%%%%%%%%%%%%%%%%%% FSE    2013-2004 %%%%%%%%%%%%%%%%%%%%%@proceedings{FSE2013,  title        = "Fast Software Encryption - 20th International Workshop,                  FSE 2013, Singapore, March 11-13, 2013. Revised                  Selected Papers",  booktitle    = "FSE 2013",  editor       = "Moriai, Shiho",  year         = "2014",  series       = lncs,  volume       = "8424",  publisher    = springer,  crossrefonly = 1,}@proceedings{FSE2012,  title        = "Fast Software Encryption - 19th International Workshop,                  FSE 2012, Washington, DC, USA, March 19-21, 2012.                  Revised Selected Papers.",  booktitle    = "FSE 2012",  editor       = "Canteaut, Anne",  year         = "2012",  series       = lncs,  volume       = "7549",  publisher    = springer,  crossrefonly = 1,}@proceedings{FSE2011,  title        = "Fast Software Encryption - 18th International Workshop,                  FSE 2011, Lyngby, Denmark, February 13-16, 2011,                  Revised Selected Papers.",  booktitle    = "FSE 2011",  editor       = "Joux, Antoine",  year         = "2011",  series       = lncs,  volume       = "6733",  publisher    = springer,  crossrefonly = 1,}@proceedings{FSE2010,  title        = "Fast Software Encryption, 17th International Workshop,                  FSE 2010, Seoul, Korea, February 7-10, 2010, Revised                  Selected Papers",  booktitle    = "FSE 2010",  editor       = "Hong, Seokhie and Iwata, Tetsu",  year         = "2010",  series       = lncs,  volume       = "6147",  publisher    = springer,  crossrefonly = 1,}@proceedings{FSE2009,  title        = "Fast Software Encryption, 16th International Workshop,                  FSE 2009, Leuven, Belgium, February 22-25, 2009,                  Revised Selected Papers",  booktitle    = "FSE 2009",  editor       = "Dunkelman, Orr",  year         = "2009",  series       = lncs,  volume       = "5665",  publisher    = springer,  crossrefonly = 1,}@proceedings{FSE2008,  title        = "Fast Software Encryption, 15th International Workshop,                  FSE 2008, Lausanne, Switzerland, February 10-13, 2008,                  Revised Selected Papers",  booktitle    = "FSE 2008",  editor       = "Nyberg, Kaisa",  year         = "2008",  series       = lncs,  volume       = "5086",  publisher    = springer,  crossrefonly = 1,}@proceedings{FSE2007,  title        = "Fast Software Encryption, 14th International Workshop,                  FSE 2007, Luxembourg, Luxembourg, March 26-28, 2007,                  Revised Selected Papers",  booktitle    = "FSE 2007",  editor       = "Biryukov, Alex",  year         = "2007",  series       = lncs,  volume       = "4593",  publisher    = springer,  crossrefonly = 1,}@proceedings{FSE2006,  title        = "Fast Software Encryption, 13th International Workshop,                  FSE 2006, Graz, Austria, March 15-17, 2006, Revised                  Selected Papers.",  booktitle    = "FSE 2006",  editor       = "Robshaw, Matthew J. B.",  year         = "2006",  series       = lncs,  volume       = "4047",  publisher    = springer,  crossrefonly = 1,}@proceedings{FSE2005,  title        = "Fast Software Encryption: 12th International Workshop,                  FSE 2005, Paris, France, February 21-23, 2005, Revised                  Selected Papers",  booktitle    = "FSE 2005",  editor       = "Gilbert, Henri and Handschuh, Helena",  year         = "2005",  series       = lncs,  volume       = "3557",  publisher    = springer,  crossrefonly = 1,}@proceedings{FSE2004,  title        = "Fast Software Encryption, 11th International Workshop,                  FSE 2004, Delhi, India, February 5-7, 2004, Revised Papers",  booktitle    = "FSE 2004",  editor       = "Roy, Bimal K. and Meier, Willi",  year         = "2004",  series       = lncs,  volume       = "3017",  publisher    = springer,  crossrefonly = 1,}@proceedings{FSE97,  title        = " Fast Software Encryption, 4th International Workshop,                  FSE '97, Haifa, Israel, January 20-22, 1997, Proceedings.",  booktitle    = "FSE '97",  editor       = "Biham, Eli",  year         = "1997",  series       = lncs,  volume       = "1267",  publisher    = springer,  crossrefonly = 1,}%%%%%%%%%%%%%%%%%%%%% CHES 99-2002      %%%%%%%%%%%%%%%%%%%%%@proceedings{CHES2002,  editor    = {Burton S. Kaliski Jr. and               \c{C}etin Kaya Ko\c{c} and               Christof Paar},  title     = {Cryptographic Hardware and Embedded Systems - CHES 2002,               4th International Workshop, Redwood Shores, CA, USA, August               13-15, 2002, Revised Papers},  booktitle = {CHES},  publisher = springer,  series    = lncs,  volume    = {2523},  year      = {2003},  crossrefonly = 1,}@proceedings{CHES2001,  title        = "Cryptographic Hardware and Embedded Systems - CHES                  2001, Third International Workshop, Paris, France, May                  14-16, 2001, Proceedings",  booktitle    = "CHES 2001",  editor       = "Ko\c{c}, \c{C}etin Kaya and Naccache, David and Parr,                  Christof Paar",  year         = "2001",  series       = lncs,  volume       = "2162",  publisher    = springer,  crossrefonly = 1,}@proceedings{CHES2000,  editor    = {\c{C}etin Kaya Ko\c{c} and               Christof Paar},  title     = {Cryptographic Hardware and Embedded Systems - CHES 2000,               Second International Workshop, Worcester, MA, USA, August               17-18, 2000, Proceedings},  booktitle = {CHES},  publisher = springer,  series    = lncs,  volume    = {1965},  year      = {2000},  crossrefonly = 1,}@proceedings{CHES99,  editor    = {\c{C}etin Kaya Ko\c{c} and               Christof Paar},  title     = {Cryptographic Hardware and Embedded Systems, First International               Workshop, CHES'99, Worcester, MA, USA, August 12-13, 1999,               Proceedings},  booktitle = {CHES},  publisher = springer,  series    = lncs,  volume    = {1717},  year      = {1999},  crossrefonly = 1,}%%%%%%%%%%%%%%%%%%%%%%%% ACNS 2014-2003     %%%%%%%%%%%%%%%%%%%%%%%%@proceedings{ACNS2014,  title        = "Applied Cryptography and Network Security - 12th                  International Conference, ACNS 2014, Lausanne,                  Switzerland, June 10-13, 2014. Proceedings",  booktitle    = "ACNS 2014",  editor       = "Boureanu, Ioana and Owesarski, Philippe and Vaudenay,                  Serge",  year         = "2014",  series       = lncs,  volume       = "8479",  publisher    = springer,  crossrefonly = 1,}@proceedings{ACNS2013,  title        = "Applied Cryptography and Network Security - 11th                  International Conference, ACNS 2013, Banff, AB, Canada,                  June 25-28, 2013. Proceedings.",  booktitle    = "ACNS 2013",  editor       = "Jacobson, Jr., Michael J. and Locasto, Michael E. and                  Mohassel, Payman and Safavi-Naini, Reihaneh",  year         = "2013",  series       = lncs,  volume       = "7954",  publisher    = springer,  crossrefonly = 1,}@proceedings{ACNS2012,  title        = "Applied Cryptography and Network Security - 10th                  International Conference, ACNS 2012, Singapore, June                  26-29, 2012. Proceedings.",  booktitle    = "ACNS 2012",  editor       = "Bao, Feng and Samarati, Pierangela and Zhou, Jianying",  year         = "2012",  series       = lncs,  volume       = "7341",  publisher    = springer,  crossrefonly = 1,}@proceedings{ACNS2011,  title        = "Applied Cryptography and Network Security - 9th                  International Conference, ACNS 2011, Nerja, Spain,                  June 7-10, 2011. Proceedings.",  booktitle    = "ACNS 2011",  editor       = "Lopez, Javier and Tsudik, Gene",  year         = "2011",  series       = lncs,  volume       = "6715",  publisher    = springer,  crossrefonly = 1,}@proceedings{ACNS2010,  title        = "Applied Cryptography and Network Security, 8th                  International Conference, ACNS 2010, Beijing, China,                  June 22-25, 2010. Proceedings",  booktitle    = "ACNS 2010",  editor       = "Zhou, Jianying and Yung, Moti",  year         = "2010",  series       = lncs,  volume       = "6123",  publisher    = springer,  crossrefonly = 1,}@proceedings{ACNS2009,  title        = "Applied Cryptography and Network Security, 7th                  International Conference, ACNS 2009,                  Paris-Rocquencourt, France, June 2-5, 2009, Proceedings",  booktitle    = "ACNS 2009",  editor       = "Abdalla, Michel and Pointcheval, David and Fouque,                  Pierre-Alain and Vergnaud, Damien",  year         = "2009",  series       = lncs,  volume       = "5536",  publisher    = springer,  crossrefonly = 1,}@proceedings{ACNS2008,  title        = "Applied Cryptography and Network Security, 6th                  International Conference, ACNS 2008, New York, NY, USA,                  June 3-6, 2008, Proceedings",  booktitle    = "ACNS 2008",  editor       = "Bellovin, Steven M. and Gennaro, Rosario and Keromytis,                  Angelos D. and Yung, Moti",  year         = "2008",  series       = lncs,  volume       = "5037",  publisher    = springer,  crossrefonly = 1,}@proceedings{ACNS2007,  title        = "Applied Cryptography and Network Security, 5th                  International Conference, ACNS 2007, Zhuhai, China,                  June 5-8, 2007, Proceedings",  booktitle    = "ACNS 2007",  editor       = "Katz, Jonathan and Yung, Moti",  year         = "2007",  series       = lncs,  volume       = "4521",  publisher    = springer,  crossrefonly = 1,}@proceedings{ACNS2006,  title        = "Applied Cryptography and Network Security, 4th                  International Conference, ACNS 2006, Singapore, June                  6-9, 2006, Proceedings",  booktitle    = "ACNS 2006",  editor       = "Zhou, Jianying and Yung, Moti and Bao, Feng",  year         = "2006",  series       = lncs,  volume       = "3989",  publisher    = springer,  crossrefonly = 1,}@proceedings{ACNS2005,  title        = "Applied Cryptography and Network Security, Third                  International Conference, ACNS 2005, New York, NY, USA,                  June 7-10, 2005, Proceedings",  booktitle    = "ACNS 2005",  editor       = "Ioannidis, John and Keromytis, Angelos D. and Yung, Moti",  year         = "2005",  series       = lncs,  volume       = "3531",  publisher    = springer,  crossrefonly = 1,}@proceedings{ACNS2004,  title        = "Applied Cryptography and Network Security, Second                  International Conference, ACNS 2004, Yellow Mountain,                  China, June 8-11, 2004, Proceedings",  booktitle    = "ACNS 2004",  editor       = "Jakobsson, Markus and Yung, Moti, and Zhou, Jianying",  year         = "2004",  series       = lncs,  volume       = "3089",  publisher    = springer,  crossrefonly = 1,}@proceedings{ACNS2003,  title        = "Applied Cryptography and Network Security, First                  International Conference, ACNS 2003. Kunming, China,                  October 16-19, 2003, Proceedings",  booktitle    = "ACNS 2003",  editor       = "Zhou, Jianying and Yung, Moti and Han, Yongfei",  year         = "2003",  series       = lncs,  volume       = "2846",  publisher    = springer,  crossrefonly = 1,}%%%%%%%%%%%%%%%%%%%%%%%% NDSS 2009 - 2000%%%%%%%%%%%%%%%%%%%%%%%@proceedings{NDSS2009,  title        = "Proceedings of the Network and Distributed System                  Security Symposium, NDSS 2009, San Diego, California,                  USA, 8th February - 11th February 2009",  booktitle    = "NDSS 2009",  organization = "Internet Society",  year         = "2009",  crossrefonly = 1,}@proceedings{NDSS2008,  title        = "Proceedings of the Network and Distributed System                  Security Symposium, NDSS 2008, San Diego, California,                  USA, 10th February - 13th February 2008",  booktitle    = "NDSS 2008",  organization = "Internet Society",  year         = "2008",  crossrefonly = 1,}@proceedings{NDSS2007,  title        = "Proceedings of the Network and Distributed System                  Security Symposium, NDSS 2007, San Diego, California,                  USA, 28th February - 2nd March 2007",  booktitle    = "NDSS 2007",  organization = "Internet Society",  year         = "2007",  crossrefonly = 1,}@proceedings{NDSS2006,  title        = "Proceedings of the Network and Distributed System                  Security Symposium, NDSS 2006, San Diego, California,                  USA",  booktitle    = "NDSS 2006",  organization = "Internet Society",  year         = "2006",  crossrefonly = 1,}@proceedings{NDSS2005,  title        = "Proceedings of the Network and Distributed System                  Security Symposium, NDSS 2005, San Diego, California,                  USA",  booktitle    = "NDSS 2005",  organization = "Internet Society",  year         = "2005",  crossrefonly = 1,}@proceedings{NDSS2004,  title        = "Proceedings of the Network and Distributed System                  Security Symposium, NDSS 2004, San Diego, California,                  USA",  booktitle    = "NDSS 2004",  organization = "Internet Society",  year         = "2004",  crossrefonly = 1,}@proceedings{NDSS2003,  title        = "Proceedings of the Network and Distributed System                  Security Symposium, NDSS 2003, San Diego, California,                  USA. The Internet Society 2003",  booktitle    = "NDSS 2003",  organization = "Internet Society",  year         = "2003",  crossrefonly = 1,}@proceedings{NDSS2002,  title        = "Proceedings of the Network and Distributed System                  Security Symposium, NDSS 2002, San Diego, California,                  USA",  booktitle    = "NDSS 2002",  organization = "Internet Society",  year         = "2002",  crossrefonly = 1,}@proceedings{NDSS2001,  title        = "Proceedings of the Network and Distributed System                  Security Symposium, NDSS 2001, San Diego, California,                  USA",  booktitle    = "NDSS 2001",  organization = "Internet Society",  year         = "2001",  crossrefonly = 1,}@proceedings{NDSS2000,  title        = "Proceedings of the Network and Distributed System                  Security Symposium, NDSS 2000, San Diego, California,                  USA",  booktitle    = "NDSS 2000",  organization = "Internet Society",  year         = "2000",  crossrefonly = 1,}%%%%%%%%%%%%%%%%%%%%%%%% INDOCRYPT 2009-2000 %%%%%%%%%%%%%%%%%%%%%%%%@proceedings{INDOCRYPT2009,  title        = "Progress in Cryptology -- INDOCRYPT 2009, 10th                  International Conference on Cryptology in India, New                  Delhi, India, December 13-16, 2009. Proceedings",  booktitle    = "INDOCRYPT 2009",  editor       = "Roy, Bimal K. and Sendrier, Nicolas",  year         = "2009",  series       = lncs,  volume       = "5922",  publisher    = springer,  crossrefonly = 1,}@proceedings{INDOCRYPT2008,  title        = "Progress in Cryptology -- INDOCRYPT 2008, 9th                  International Conference on Cryptology in India,                  Kharagpur, India, December 14-17, 2008. Proceeding",  booktitle    = "INDOCRYPT 2008",  editor       = "Chowdhury, Dipanwita Roy and Rijmen, Vincent and Das,                  Abhijit",  year         = "2008",  series       = lncs,  volume       = "5365",  publisher    = springer,  crossrefonly = 1,}@proceedings{INDOCRYPT2007,  title        = "Progress in Cryptology -- INDOCRYPT 2007, 8th                  International Conference on Cryptology in India,                  Chennai, India, December 9-13, 2007, Proceedings",  booktitle    = "INDOCRYPT 2007",  editor       = "Srinathan, K. and Pandu Ranga, C. and Yung, Moti",  year         = "2007",  series       = lncs,  volume       = "4859",  publisher    = springer,  crossrefonly = 1,}@proceedings{INDOCRYPT2006,  title        = "Progress in Cryptology -- INDOCRYPT 2006, 7th                  International Conference on Cryptology in India,                  Kolkata, India, December 11-13, 2006, Proceedings",  booktitle    = "INDOCRYPT 2006",  editor       = "Barua, Rana and Lange, Tanja",  year         = "2006",  series       = lncs,  volume       = "4329",  publisher    = springer,  crossrefonly = 1,}@proceedings{INDOCRYPT2005,  title        = "Progress in Cryptology -- INDOCRYPT 2005, 6th                  International Conference on Cryptology in India,                  Bangalore, India, December 10-12, 2005, Proceedings",  booktitle    = "INDOCRYPT 2005",  editor       = "Maitra, Subhamoy and Veni Madhavan, C. E. and                  Venkatesan, Ramarathnam",  year         = "2005",  series       = lncs,  volume       = "3797",  publisher    = springer,  crossrefonly = 1,}@proceedings{INDOCRYPT2004,  title        = "Progress in Cryptology -- INDOCRYPT 2004, 5th                  International Conference on Cryptology in India,                  Chennai, India, December 20-22, 2004, Proceedings",  booktitle    = "INDOCRYPT 2004",  editor       = "Cateaut, Anne and Viswanathan, Kapalee",  year         = "2004",  series       = lncs,  volume       = "3348",  publisher    = springer,  crossrefonly = 1,}@proceedings{INDOCRYPT2003,  title        = "Progress in Cryptology -- INDOCRYPT 2003, 4th                  International Conference on Cryptology in India, New                  Delhi, India, December 8-10, 2003, Proceedings",  booktitle    = "INDOCRYPT 2003",  editor       = "Johansson, Thomas and Maitra, Subhamoy",  year         = "2003",  series       = lncs,  volume       = "2904",  publisher    = springer,  crossrefonly = 1,}@proceedings{INDOCRYPT2002,  title        = "Progress in Cryptology -- INDOCRYPT 2002, Third                  International Conference on Cryptology in India,                  Hyderabad, India, December 16-18, 2002",  booktitle    = "INDOCRYPT 2002",  editor       = "Menezes, Alfred and Sarkar, Palash",  year         = "2002",  series       = lncs,  volume       = "2551",  publisher    = springer,  crossrefonly = 1,}@proceedings{INDOCRYPT2001,  title        = "Progress in Cryptology -- INDOCRYPT 2001, Second                  International Conference on Cryptology in India,                  Chennai, India, December 16-20, 2001, Proceedings",  booktitle    = "INDOCRYPT 2001",  editor       = "Pandu Rangan, C. and Ding, Cunsheng",  year         = "2001",  series       = lncs,  volume       = "2247",  publisher    = springer,  crossrefonly = 1,}@proceedings{INDOCRYPT2000,  title        = "Progress in Cryptology -- INDOCRYPT 2000, First                  International Conference in Cryptology in India,                  Calcutta, India, December 10-13, 2000, Proceedings",  booktitle    = "INDOCRYPT 2000",  editor       = "Roy, Bimal K. and Okamoto, Eiji",  year         = "2000",  series       = lncs,  volume       = "1977",  publisher    = springer,  crossrefonly = 1,}%%%%%%%%%%%%%%%%%%%%%%%% ACISP   2013,2011 - 1996 %%%%%%%%%%%%%%%%%%%%%%%%@proceedings{ACISP2013,  editor    = {Colin Boyd and               Leonie Simpson},  title     = {Information Security and Privacy - 18th Australasian Conference,               ACISP 2013, Brisbane, Australia, July 1-3, 2013. Proceedings},  booktitle = {ACISP},  publisher = {Springer},  series    = lncs,  volume    = {7959},  year      = {2013},  crossrefonly = 1,}@proceedings{ACISP2011,  title        = "?????",  booktitle    = "ACISP 2011",  editor       = "?????",  year         = "2011",  series       = lncs,  volume       = "xxxx",  publisher    = springer,  crossrefonly = 1,}@proceedings{ACISP2010,  title        = "Information Security and Privacy - 15th Australasian                  Conference, ACISP 2010, Sydney, Australia, July 5-7,                  2010. Proceedings",  booktitle    = "ACISP 2010",  editor       = "Steinfeld, Ron and Hawkes, Philip",  year         = "2010",  series       = lncs,  volume       = "6168",  publisher    = springer,  crossrefonly = 1,}@proceedings{ACISP2009,  title        = "Information Security and Privacy, 14th Australasian                  Conference, ACISP 2009, Brisbane, Australia, July 1-3,                  2009, Proceedings",  booktitle    = "ACISP 2009",  editor       = "Body, Colin and Gonz{\'a}lez Nieto, Juan",  year         = "2009",  series       = lncs,  volume       = "5594",  publisher    = springer,  crossrefonly = 1,}@proceedings{ACISP2008,  title        = "Information Security and Privacy, 13th Australasian                  Conference, ACISP 2008, Wollongong, Australia, July                  7-9, 2008, Proceedings",  booktitle    = "ACISP 2008",  editor       = "Mu, Yi and Susilo, Willy and Seberry, Jennifer",  year         = "2008",  series       = lncs,  volume       = "5107",  publisher    = springer,  crossrefonly = 1,}@proceedings{ACISP2007,  title        = "Information Security and Privacy, 12th Australasian                  Conference, ACISP 2007, Townsville, Australia, July                  2-4, 2007, Proceedings",  booktitle    = "ACISP 2007",  editor       = "Pieprzyk, Josef and Ghodosi, Hossein and Dawson, Ed",  year         = "2007",  series       = lncs,  volume       = "4586",  publisher    = springer,  crossrefonly = 1,}@proceedings{ACISP2006,  title        = "Information Security and Privacy, 11th Australasian                  Conference, ACISP 2006, Melbourne, Australia, July 3-5,                  2006, Proceedings",  booktitle    = "ACISP 2006",  editor       = "Batten, Lynn Margaret and Safavi-Naini, Reihaneh",  year         = "2006",  series       = lncs,  volume       = "4058",  publisher    = springer,  crossrefonly = 1,}@proceedings{ACISP2005,  title        = "Information Security and Privacy, 10th Australasian                  Conference, ACISP 2005, Brisbane, Australia, July 4-6,                  2005, Proceedings",  booktitle    = "ACISP 2005",  editor       = "Boyd, Colin and Gonz{\'a}lez Nieto, Juan Manuel",  year         = "2005",  series       = lncs,  volume       = "3574",  publisher    = springer,  crossrefonly = 1,}@proceedings{ACISP2004,  title        = "Information Security and Privacy: 9th Australasian                  Conference, ACISP 2004, Sydney, Australia, July 13-15,                  2004. Proceedings",  booktitle    = "ACISP 2004",  editor       = "Wang, Huaxiong and Pieprzyk, Josef and Varadharajan, Vijay",  year         = "2004",  series       = lncs,  volume       = "3108",  publisher    = springer,  crossrefonly = 1,}@proceedings{ACISP2003,  title        = "Information Security and Privacy, 8th Australasian                  Conference, ACISP 2003, Wollongong, Australia, July                  9-11, 2003, Proceedings",  booktitle    = "ACISP 2003",  editor       = "Safavi-Naini, Reihaneh and Seberry, Jennifer",  year         = "2003",  series       = lncs,  volume       = "2727",  publisher    = springer,  crossrefonly = 1,}@proceedings{ACISP2002,  title        = "Information Security and Privacy, 7th Australian                  Conference, ACISP 2002, Melbourne, Australia, July 3-5,                  2002, Proceedings",  booktitle    = "ACISP 2002",  editor       = "Batten, Lynn Margaret and Seberry, Jennifer",  year         = "2002",  series       = lncs,  volume       = "2384",  publisher    = springer,  crossrefonly = 1,}@proceedings{ACISP2001,  title        = "Information Security and Privacy, 6th Australasian                  Conference, ACISP 2001, Sydney, Australia, July 11-13,                  2001, Proceedings",  booktitle    = "ACISP 2001",  editor       = "Varadharajan, Vijay and Mu, Yi",  year         = "2001",  series       = lncs,  volume       = "2119",  publisher    = springer,  crossrefonly = 1,}@proceedings{ACISP2000,  title        = "Information Security and Privacy, 5th Australasian                  Conference, ACISP 2000, Brisbane, Australia, July                  10-12, 2000, Proceedings",  booktitle    = "ACISP 2000",  editor       = "Dawson, Ed and Clark, Andrew and Boyd, Colin",  year         = "2000",  series       = lncs,  volume       = "1841",  publisher    = springer,  crossrefonly = 1,}@proceedings{ACISP99,  title        = "Information Security and Privacy, 4th Australasian                  Conference, ACISP'99, Wollongong, NSW, Australia,                  April 7-9, 1999, Proceedings",  booktitle    = "ACISP '99",  editor       = "Pieprzyk, Josef and Safavi-Naini, Reihaneh, and                  Seberry, Jennifer",  year         = "1999",  series       = lncs,  volume       = "1587",  publisher    = springer,  crossrefonly = 1,}@proceedings{ACISP98,  title        = "Information Security and Privacy, Third Australasian                  Conference, ACISP'98, Brisbane, Queensland, Australia,                  July 1998, Proceedings",  booktitle    = "ACISP '98",  editor       = "Boyd, Colin and Dawson, Ed",  year         = "1998",  series       = lncs,  volume       = "1438",  publisher    = springer,  crossrefonly = 1,}@proceedings{ACISP97,  title        = "Information Security and Privacy, Second Australasian                  Conference, ACISP'97, Syndey, NSW, Australia, July 7-9,                  1997, Proceedings",  booktitle    = "ACISP '97",  editor       = "Varadharajan, Vijay and Pieprzyk, Josef and Mu, Yi",  year         = "1997",  series       = lncs,  volume       = "1270",  publisher    = springer,  crossrefonly = 1,}@proceedings{ACISP96,  title        = "Information Security and Privacy, First Australasian                  Conference, ACISP'96, Wollongong, NSW, Australia, June                  24-26, 1996, Proceedings",  booktitle    = "ACISP '96",  editor       = "Pieprzyk, Josef and Seberry, Jennifer",  year         = "1996",  series       = lncs,  volume       = "1172",  publisher    = springer,  crossrefonly = 1,}%%%%%%%%%%%%%%%%%%%%% WCC 2007 - ?     %%%%%%%%%%%%%%%%%%%%%@Proceedings{WCC2009,  title        = "International Workshop on Coding and Cryptography, WCC                  2009",  booktitle    = "WCC 2009",  year         = "2009",  month        = "May",  crossrefonly = 1,}@Proceedings{WCC2007,  title        = "International Workshop on Coding and Cryptography, WCC                  2007",  booktitle    = "WCC 2007",  year         = "2007",  month        = "April",  crossrefonly = 1,}@Proceedings{WCC2005,  title        = "Coding and Cryptography, International Workshop, WCC                  2005, Bergen, Norway, March 14-18, 2005. Revised                  Selected Papers",  booktitle    = "WCC 2005",  editor       = "Ytrehus, {\O}yvind",  year         = "2005",  series       = lncs,  volume       = "3969",  publisher    = springer,  crossrefonly = 1,}%%%%%%%%%%%%%%%%%%%%%%% PQCRYPTO 2010-2006 %%%%%%%%%%%%%%%%%%%%%%%@Proceedings{PQCRYPTO2010,  title        = "Post-Quantum Cryptography, Third International                  Workshop, PQCrypto 2010, Darmstadt, Germany, May 25-28,                  2010. Proceedings",  booktitle    = "PQCrypto 2010",  editor       = "Sendrier, Nicolas",  year         = "2010",  series       = lncs,  volume       = "6061",  publisher    = springer,  crossrefonly = 1,}@Proceedings{PQCRYPTO2008,  title        = "Post-Quantum Cryptography, Second International                  Workshop, PQCrypto 2008, Cincinnati, OH, USA, October                  17-19, 2008, Proceedings",  booktitle    = "PQCrypto 2008",  editor       = "Buchmann, Johannes and Ding, Jintai",  year         = "2008",  series       = lncs,  volume       = "5299",  publisher    = springer,  crossrefonly = 1,}@Proceedings{PQCRYPTO2006,  title        = "PQCrypto 2006: International Workshop on Post-Quantum                  Cryptography",  year         = "2006",  address      = "Katholieke Universiteit Leuven, Belgium",  organization = "European Network of Excellence for Cryptology",}%%%%%%%%%%%%%%%%%%%%%%% AFRICACRYPT 2008-2010%%%%%%%%%%%%%%%%%%%%%%%@proceedings{AFRICACRYPT2010,  title        = "Progress in Cryptology - AFRICACRYPT 2010, Third                  International Conference on Cryptology in Africa,                  Stellenbosch, South Africa, May 3-6, 2010. Proceedings",  booktitle    = "AFRICACRYPT 2010",  editor       = "Bernstein, Daniel J. and Lange, Tanja",  year         = "2010",  series       = lncs,  volume       = "6055",  publisher    = springer,  crossrefonly = 1,}@proceedings{AFRICACRYPT2009,  title        = "Progress in Cryptology - AFRICACRYPT 2009, Second                  International Conference on Cryptology in Africa,                  Gammarth, Tunisia, June 21-25, 2009. Proceedings",  booktitle    = "AFRICACRYPT 2009",  editor       = "Preneel, Bart",  year         = "2009",  series       = lncs,  volume       = "5580",  publisher    = springer,  crossrefonly = 1,}@proceedings{AFRICACRYPT2008,  title        = "Progress in Cryptology - AFRICACRYPT 2008, First                  International Conference on Cryptology in Africa,                  Casablanca, Morocco, June 11-14, 2008. Proceedings",  booktitle    = "AFRICACRYPT 2008",  editor       = "Vaudenay, Serge",  year         = "2008",  series       = lncs,  volume       = "5023",  publisher    = springer,  crossrefonly = 1,}%%%%%%%%%%%%%%%%%%%%%%% LATINCRYPT 2010    %%%%%%%%%%%%%%%%%%%%%%%@Proceedings{LATINCRYPT2010,  title        = "Progress in Cryptology - LATINCRYPT 2010, First                  International Conference on Cryptology and Information                  Security in Latin America, Puebla, Mexico, August 8-11,                  2010, Proceedings",  booktitle    = "LATINCRYPT 2010",  editor       = "Abdalla, Michel and Barreto, Paulo S. L. M.",  year         = "2010",  series       = lncs,  volume       = "6212",  publisher    = springer,  crossrefonly = 1,}%%%%%%%%%%%%%%%%%%%%% ProvSec 2009-2007%%%%%%%%%%%%%%%%%%%%%@proceedings{ProvSec2009,  title        = "Provable Security, Third International Conference,                  ProvSec 2009, Guangzhou, China, November 11-13, 2009.                  Proceedings",  booktitle    = "ProvSec 2009",  editor       = "Pieprzyk, Josef and Zhang, Fangguo",  year         = "2009",  series       = lncs,  volume       = "5848",  publisher    = springer,  crossrefonly = 1,}@proceedings{ProvSec2008,  title        = "Provable Security, Second International Conference,                  ProvSec 2008, Shanghai, China, October 30 - November 1,                  2008. Proceedings",  booktitle    = "ProvSec 2008",  editor       = "Baek, Joonsang and Bao, Feng and Chen, Kefei and Lai,                  Xuejia",  year         = "2008",  series       = lncs,  volume       = "5324",  publisher    = springer,  crossrefonly = 1,}@proceedings{ProvSec2007,  title        = "Provable Security, First International Conference,                  ProvSec 2007, Wollongong, Australia, November 1-2,                  2007, Proceedings",  booktitle    = "ProvSec 2007",  editor       = "Susilo, Willy and Liu, Joseph K. and Mu, Yi",  year         = "2007",  series       = lncs,  volume       = "4784",  publisher    = springer,  crossrefonly = 1,}%%%%%%%%%%%%%%%%%%%%% ISC/ISW  2004, 2007    %%%%%%%%%%%%%%%%%%%%%@proceedings{ISC2009,  title        = "Information Security, 12th International Conference,                  ISC 2009, Pisa, Italy, September 7-9, 2009. Proceeding",  booktitle    = "ISC 2009",  editor       = "Samarati, Pierangela and Yung, Moti and Martinelli,                  Fabio and Ardagna, Claudio Agostino",  year         = "2009",  series       = lncs,  volume       = "5735",  publisher    = springer,  crossrefonly = 1,}@proceedings{ISC2008,  title        = "Information Security, 11th International Conference,                  ISC 2008, Taipei, Taiwan, September 15-18, 2008. Proceedings",  booktitle    = "ISC 2008",  editor       = "Wu, Tzong-Chen and Lei, Chin-Laung and Rijmen, Vincent                  and Lee, Der-Tsai",  year         = "2008",  series       = lncs,  volume       = "5222",  publisher    = springer,  crossrefonly = 1,}@proceedings{ISC2007,  title        = "Information Security, 10th International Conference,                  ISC 2007, Valparaiso, Chile, October 9-12, 2007, Proceedings",  booktitle    = "ISC 2007",  editor       = "Garay, Juan A. and Lenstra, Arjen K. and Mambo,                  Masahiro and Peralta, Ren{\'e}",  year         = "2007",  series       = lncs,  volume       = "4779",  publisher    = springer,  crossrefonly = 1,}@proceedings{ISC2004,  title        = "Information Security, 7th International Conference,                  ISC 2004, Palo Alto, CA, USA, September 27-29, 2004, Proceedings",  booktitle    = "ISC2004",  editor       = "Zhang, Kan and Zheng, Yuliang",  year         = "2004",  series       = lncs,  volume       = "3225",  publisher    = springer,  crossrefonly = 1,}%%%%%%%%%%%%%%%%%%%%% Pairing 2010-2007%%%%%%%%%%%%%%%%%%%%%@proceedings{Pairing2010,  title        = "Pairing-Based Cryptography -- Pairing 2010, 4th                  International Conference, Yamanaka Hot Spring, Japan,                  December 13-15, 2010. Proceedings",  booktitle    = "Pairing 2010",  editor       = "Joye, Marc and Miyaji, Atsuko and Otsuka, Akira",  year         = "2010",  series       = lncs,  volume       = "6487",  publisher    = springer,  crossrefonly = 1,}@proceedings{Pairing2009,  title        = "Pairing-Based Cryptography -- Pairing 2009, Third                  International Conference, Palo Alto, CA, USA, August                  12-14, 2009, Proceedings",  booktitle    = "Pairing 2009",  editor       = "Shacahm, Hovav and Waters, Brent",  year         = "2009",  series       = lncs,  volume       = "5671",  publisher    = springer,  crossrefonly = 1,}@proceedings{Pairing2008,  title        = "Pairing-Based Cryptography -- Pairing 2008, Second                  International Conference, Egham, UK, September 1-3,                  2008. Proceedings",  booktitle    = "Pairing 2008",  editor       = "Galbraith, Steven D. and Paterson, Kenneth G.",  year         = "2008",  series       = lncs,  volume       = "5209",  publisher    = springer,  crossrefonly = 1,}@proceedings{Pairing2007,  title        = "Pairing-Based Cryptography -- Pairing 2007, First                  International Conference, Tokyo, Japan, July 2-4, 2007,                  Proceedings",  booktitle    = "Pairing 2007",  editor       = "Takagi, Tsuyoshi and Okamoto, Tatsuaki and Okamoto,                  Eiji and Okamoto, Takeshi",  year         = "2007",  series       = lncs,  volume       = "4575",  publisher    = springer,  crossrefonly = 1,}%%%%%%%%%%%%%%%%%%%%% CANS 2008%%%%%%%%%%%%%%%%%%%%@proceedings{CANS2008,  title        = "Cryptology and Network Security, 7th International                  Conference, CANS 2008, Hong-Kong, China, December 2-4,                  2008. Proceedings",  booktitle    = "CANS 2008",  editor       = "Franklin, Matthew K. and Hui, Lucas Chi Kwong and Wong,                  Duncan S.",  year         = "2008",  series       = lncs,  volume       = "5339",  publisher    = springer,  crossrefonly = 1,}%%%%%%%%%%%%%%%%%%%%% IMA CCC 2009 - 1995%%%%%%%%%%%%%%%%%%%%@proceedings{IMA2009,  title        = "Cryptography and Coding, 12th IMA International                  Conference, Cryptography and Coding 2009, Cirencester,                  UK, December 15-17, 2009",  booktitle    = "IMA 2009",  editor       = "Parker, Matthew G.",  year         = "2009",  series       = lncs,  volume       = "5921",  publisher    = springer,  crossrefonly = 1,}@proceedings{IMA2007,  title        = "Cryptography and Coding, 11th IMA International                  Conference, Cirencester, UK, December 18-20, 2007, Proceedings",  booktitle    = "IMA 2007",  editor       = "Galbraith, Steven D.",  year         = "2007",  series       = lncs,  volume       = "4887",  publisher    = springer,  crossrefonly = 1,}@proceedings{IMA2005,  title        = "Cryptography and Coding, 10th IMA International                  Conference, Cirencester, UK, December 19-21, 2005, Proceedings",  booktitle    = "IMA 2005",  editor       = "Smart, Nigel P.",  year         = "2005",  series       = lncs,  volume       = "3796",  publisher    = springer,  crossrefonly = 1,}@proceedings{IMA2003,  title        = "Cryptography and Coding, 9th IMA International                  Conference, Cirencester, UK, December 16-18, 2003, Proceedings",  booktitle    = "IMA 2003",  editor       = "Paterson, Kenneth G.",  year         = "2003",  series       = lncs,  volume       = "2898",  publisher    = springer,  crossrefonly = 1,}@proceedings{IMA2001,  title        = "Cryptography and Coding, 8th IMA International                  Conference, Cirencester, UK, December 17-19, 2001, Proceedings",  booktitle    = "IMA 2001",  editor       = "Honary, Bahram",  year         = "2001",  series       = lncs,  volume       = "2260",  publisher    = springer,  crossrefonly = 1,}@proceedings{IMA99,  title        = "Cryptography and Coding, 7th IMA International                  Conference, Cirencester, UK, December 20-22, 1999, Proceedings",  booktitle    = "IMA '99",  editor       = "Walker, Michael",  year         = "1999",  series       = lncs,  volume       = "1746",  publisher    = springer,  crossrefonly = 1,}@proceedings{IMA97,  title        = "Cryptography and Coding, 6th IMA International                  Conference, Cirencester, UK, December 17-19, 1997, Proceedings",  booktitle    = "IMA '97",  editor       = "Darnell, Michael",  year         = "1997",  series       = lncs,  volume       = "1355",  publisher    = springer,  crossrefonly = 1,}@proceedings{IMA95,  title        = "Cryptography and Coding, 5th IMA Conference,                  Cirencester, UK, December 18-20, 1995, Proceedings",  booktitle    = "IMA '95",  editor       = "Boyd, Colin",  year         = "1995",  series       = lncs,  volume       = "1025",  publisher    = springer,  crossrefonly = 1,}%%%%%%%%%%%%%%%%%%%%% ICICS     1999   %%%%%%%%%%%%%%%%%%%%%@proceedings{ICICS2005,  editor       = "Qing, Sihan and Mao, Wenbo and Lopez, Javier and Wang,                  Guilin",  title        = "Information and Communications Security, 7th                  International Conference, ICICS 2005, Beijing, China,                  December 10-13, 2005, Proceedings",  booktitle    = "ICICS 2005",  year         = "2005",  series       = lncs,  volume       = "3783",  publisher    = springer,}@proceedings{ICICS99,  title        = "Information and Communication Security, Second                  International Conference, ICICS'99, Sydney, Australia,                  November 9-11, 1999, Proceedings",  booktitle    = "ICICS '99",  editor       = "Varadharajan, Vijay and Mu, Yi",  year         = "1999",  series       = lncs,  volume       = "1726",  publisher    = springer,  crossrefonly = 1,}%%%%%%%%%%%%%%%%%%%%% IWSEC 2014 -- 2006%%%%%%%%%%%%%%%%%%%%@proceedings{IWSEC2014,  title        = "Advances in Information and Computer Security - 9th                  International Workshop on Security, IWSEC 2014,                  Hirosaki, Japan, August 27-29, 2014. Proceedings",  booktitle    = "IWSEC 2013",  editor       = "Yoshida, Maki and Mouri, Koichi",  year         = "2014",  series       = lncs,  volume       = "8639",  publisher    = springer,  crossrefonly = 1,}@proceedings{IWSEC2013,  title        = "Advances in Information and Computer Security - 8th                  International Workshop on Security, IWSEC 2013,                  Okinawa, Japan, November 18-20, 2013. Proceedings",  booktitle    = "IWSEC 2013",  editor       = "Sakiyama, Kazuo and Terada, Masayuki",  year         = "2013",  series       = lncs,  volume       = "8231",  publisher    = springer,  crossrefonly = 1,}@proceedings{IWSEC2012,  title        = "Advances in Information and Computer Security - 7th                  International Workshop on Security, IWSEC 2012,                  Fukuoka, Japan, November 7-9, 2012. Proceedings.",  booktitle    = "IWSEC 2012",  editor       = "Hanaoka, Goichiro and Yamauchi, Toshihiro",  year         = "2012",  series       = lncs,  volume       = "7631",  publisher    = springer,  crossrefonly = 1,}@proceedings{IWSEC2011,  title        = "Advances in Information and Computer Security - 6th                  International Workshop, IWSEC 2011, Tokyo, Japan,                  November 8-10, 2011. Proceedings.",  booktitle    = "IWSEC 2011",  editor       = "Iwata, Tetsu and Nishigaki, Masakatsu",  year         = "2011",  series       = lncs,  volume       = "7038",  publisher    = springer,  crossrefonly = 1,}@proceedings{IWSEC2010,  title        = "Advances in Information and Computer Security - 5th                  International Workshop on Security, IWSEC 2010, Kobe,                  Japan, November 22-24, 2010. Proceedings.",  booktitle    = "IWSEC 2010",  editor       = "Echizen, Isao and Kunihiro, Noboru and Sasaki, Ry\^oichi",  year         = "2010",  series       = lncs,  volume       = "6434",  publisher    = springer,  crossrefonly = 1,}@proceedings{IWSEC2009,  title        = "Advances in Information and Computer Security, 4th                  International Workshop on Security, IWSEC 2009, Toyama,                  Japan, October 28-30, 2009, Proceedings.",  booktitle    = "IWSEC 2009",  editor       = "Takagi, Tsuyoshi and Mambo, Masahiro",  year         = "2009",  series       = lncs,  volume       = "5824",  publisher    = springer,  crossrefonly = 1,}@proceedings{IWSEC2008,  title        = "Advances in Information and Computer Security, Third                  International Workshop on Security, IWSEC 2008, Kagawa,                  Japan, November 25-27, 2008. Proceedings.",  booktitle    = "IWSEC 2008",  editor       = "Matsuura, Kanta and Fujisaki, Eiichiro",  year         = "2008",  series       = lncs,  volume       = "5312",  publisher    = springer,  crossrefonly = 1,}@proceedings{IWSEC2007,  title        = "Advances in Information and Computer Security, Second                  International Workshop on Security, IWSEC 2007, Nara,                  Japan, October 29-31, 2007, Proceedings.",  booktitle    = "IWSEC 2007",  editor       = "Miyaji, Atsuko and Kikuchi, Hiroaki and Rannenberg, Kai",  year         = "2007",  series       = lncs,  volume       = "4752",  publisher    = springer,  crossrefonly = 1,}@proceedings{IWSEC2006,  title        = "Advances in Information and Computer Security, First                  International Workshop on Security, IWSEC 2006, Kyoto,                  Japan, October 23-24, 2006, Proceedings.",  booktitle    = "IWSEC 2006",  editor       = "Yoshiura, Hiroshi and Sakurai, Kouichi and Rannenberg,                  Kai and Murayama, Yuko and Kawamura, Shin-ichi",  year         = "2006",  series       = lncs,  volume       = "4266",  publisher    = springer,  crossrefonly = 1,}%%%%%%%%%%%%%%%%%%%%% USENIXSecurity 2014-2012%%%%%%%%%%%%%%%%%%%%@proceedings{USENIX2014,  editor    = {Kevin Fu and Jaeyeon Jung},  booktitle     = {Proceedings of the 23rd {USENIX} Security Symposium, San Diego, CA,               USA, August 20-22, 2014},  publisher = {{USENIX} Association},  year      = {2014},  crossrefonly = 1,}@proceedings{USENIX2013,  editor    = {Samuel T. King},  booktitle     = {Proceedings of the 22th {USENIX} Security Symposium, Washington, DC,               USA, August 14-16, 2013},  publisher = {{USENIX} Association},  year      = {2013},  crossrefonly = 1,}@proceedings{USENIX2012,  editor    = {Tadayoshi Kohno},  booktitle     = {Proceedings of the 21th {USENIX} Security Symposium, Bellevue, WA,               USA, August 8-10, 2012},  publisher = {{USENIX} Association},  year      = {2012},  crossrefonly = 1,}%%%%%%%%%%%%%%%%%%%%% IEEE S&P 2015-2014%%%%%%%%%%%%%%%%%%%%@proceedings{SP2015,  editor    = {},  booktitle     = {2015 {IEEE} Symposium on Security and Privacy, {SP} 2015, {S}an {J}ose,               {CA}, {USA}, {M}ay 18-21, 2015},  publisher = {{IEEE} Computer Society},  year      = {2015},  crossrefonly = 1,}@proceedings{SP2014,  editor    = {},  booktitle     = {2014 {IEEE} Symposium on Security and Privacy, {SP} 2014, {B}erkeley,               {CA}, {USA}, {M}ay 18-21, 2014},  publisher = {{IEEE} Computer Society},  year      = {2014},  crossrefonly = 1,}%%%%%%%%%%%%%%%%%%%%% CCNT      1999   %%%%%%%%%%%%%%%%%%%%%@proceedings{CCNT99,  title        = "Cryptography and Computational Number Theory",  booktitle    = "Cryptography and Computational Number Theory",  editor       = "Lam, Kwok-Yan and Shparlinski, Igor and Wang, Huaxiong                  and Xing, Chaoping",  year         = "1999",  series       = "Progress in Computer Science and Applied Logic",  volume       = "20",  publisher    = "Birkh{\"a}user Verlag",  crossrefonly = 1,}%%%%%%%%%%%%%%%%%%%%% Sicherheit 2008  %%%%%%%%%%%%%%%%%%%%%@Proceedings{Sicherheit2008,  editor       = "Alkassar, Ammar and Siekmann, J{\"o}rg H.",  title        = "Sicherheit 2008: Sicherheit, Schutz und Zuverl{\"a}ssigkeit",  booktitle    = "Sicherheit 2008: Sicherheit, Schutz und Zuverl{\"a}ssigkeit",  year         = "2008",  series       = "Lecture Note in Informatics",  volume       = "128",  address      = "",  publisher    = "GI",  crossrefonly = 1,  annote       = "Security 2008: Security, Protection, and Reliability.                  Conference volume 4.",}%%%%%%%%%%%%%%%%%%%%%%%% INSCRYPT 2008%%%%%%%%%%%%%%%%%%%%%%%@proceedings{INSCRYPT2008,  title        = "Information Security and Cryptology -- 4th                  International Conference, Inscrypt 2008, Beijing,                  China, December 14-17, 2008, Revised Selected Papers",  booktitle    = "INSCRYPT 2008",  editor       = "Yung, Moti and Liu, Peng and Lin, Dongdai",  year         = "2008",  series       = lncs,  volume       = "5487",  publisher    = springer,  crossrefonly = 1,}@proceedings{ICDCS2005,  title        = "25th International Conference on Distributed Computing                  Systems (ICDCS 2005), 6-10 June 2005, Columbus, OH, USA",  booktitle    = "ICDCS 2005",  year         = "2005",  publisher    = "IEEE Computer Society",  crossrefonly = 1,}%%%%%%%%%%%%%%%%%%%%%%%% ESORICS 2007%%%%%%%%%%%%%%%%%%%%%%%@proceedings{ESORICS2007,  title        = "Computer Security - ESORICS 2007, 12th European                  Symposium On Research In Computer Security, Dresden,                  Germany, September 24-26, 2007, Proceedings",  booktitle    = "ESORICS 2007",  editor       = "Biskup, Joachim and Lopez, Javier",  year         = "2007",  series       = lncs,  volume       = "4734",  publisher    = springer,  crossrefonly = 1,}%%%%%%%%%%%%%%%%%%%%%%%% SCN 2008%%%%%%%%%%%%%%%%%%%%%%%@proceedings{SCN2008,  title        = "Security and Cryptography for Networks, 6th                  International Conference, SCN 2008, Amalfi, Italy,                  September 10-12, 2008. Proceedings.",  booktitle    = "SCN 2008",  editor       = "Ostrovsky, Rafail and De Prisco, Roberto and Visconti,                  Ivan",  year         = "2008",  series       = lncs,  volume       = "5229",  publisher    = springer,  crossrefonly = 1,}%%%%%%%%%%%%%%%%%%%%%%%%%%%%%@proceedings{DRM2002,  title        = "Security and Privacy in Digital Rights Management, ACM                  CCS-9 Workshop, DRM 2002, Washington, DC, USA,                  November 18, 2002, Revised Papers.",  booktitle    = "DRM 2002",  editor       = "Feigenbaum, Joan ",  year         = "2002",  series       = lncs,  volume       = "2696",  publisher    = springer,  crossrefonly = 1,}@proceedings{IAS2007,  title        = "Proceedings of the Third International Symposium on                  Information Assurance and Security, IAS 2007, August                  29-31, 2007, Manchester, United Kingdom.",  booktitle    = "IAS 2007",  year         = "2007",  publisher    = "IEEE Computer Society",  crossrefonly = 1,}