@string{ECCC = "Electronic Colloquium on Computational Complexity (ECCC)"}
@string{springer = "Springer, Heidelberg"}
@string{JOC = {Journal of Cryptology}}
@string{ieice = {{IEICE} transactions on fundamentals of electronics, communications and computer sciences}}

@inproceedings{AAAA,
  author       = "xxx",
  title        = "xxx",
  pages        = "xxx-xxx",
  crossref     = "xxx",
}

@article{BBBB,
  author    = {},
  title     = {},
  journal   = {},
  volume    = {},
  number    = {},
  year      = {},
}

@inproceedings{Blei98,
  author    = {D. Beichebacher},
  title     = {Chosen ciphertext attacks against protocols based on the RSA encryption standard {PKCS}{\#}1},
  pages     = {1--12},
  crossref  = {CRYPTO98},
}

@article{DB96,
  author    = {David Wagner and Bruce Schneier},
  title     = {Analysis of the {SSL3.0} protocol},
  journal   = {In Proceedings of the Second USENIX Workshop on Electronic Commerce, pages {29}-{49}},
  volume    = {},
  number    = {},
  year      = {1996},
}

@inproceedings{JMDP00,
  author    = {Jean S{\'e}bastien Coron and
               Marc Joye and
               David Naccache and
               Pascal Paillier},
  title     = {New attacks on {PKCS} {\#} v{1.5} encryption},
  pages     = {369--381},
  crossref  = {EUROCRYPT2000},
}

@inproceedings{JB02,
  author    = {Jakob Jonsson and
               Burton S. Kaliski},
  title     = {On the security of RSA encryption in {TLS}},
  pages     = {369--381},
  crossref  = {CRYPTO2002},
}

@inproceedings{EK09,
  author    = {Eike Kiltz and
               Krzysztof Pietrzak},
  title     = {On the security of padding-based encryption schemes or why we cannot prove OAEP secure in the standard model},
  pages     = {389--406},
  crossref  = {EUROCRYPT2009},
}

@inproceedings{KK05:TLS,
  author    = {Kazuhiro Ogata and
               Kokichi Futatsugi},
  title     = {Equational Approach to Formal Analysis of {TLS}},
  pages     = {795--804},
  crossref  = {ICDCS2005},
}

@inproceedings{KCRE08,
  author    = {Karthikeyan Bhargavan and
               C{\'e}dric Fournet and
               Ricardo Corin and
               Eugen Zalinescu},
  title     = {Cryptographically verified implementations for {TLS}},
  pages     = {459--468},
  crossref  = {CCS2008},
}

@inproceedings{SMOAJ08,
  author    = {Sebastian Gajek and
               Mark Manulis and
               Olivier Pereira and
               Ahmad Reza Sadeghi and
               J{\"o}rg Schwenk},
  title     = {Universally Composable Security Analysis of {TLS}},
  pages     = {313--327},
  crossref  = {ProvSec2008},
}

@inproceedings{KTT11,
  author    = {Kenneth G. Paterson and
               Thomas Ristenpart and
               Thomas Shrimpton},
  title     = {Tag size does matter: Attacks and proofs for the {TLS} record protocol},
  pages     = {372--389},
  crossref  = {ASIACRYPT2011},
}

@inproceedings{Kraw01,
  author    = {Hugo Krawczyk},
  title     = {The order of encryption and authentication for protecting communications(or: How secure is {SSL})},
  pages     = {310--331},
  crossref  = {CRYPTO2001},
}

@inproceedings{CK01:AKE,
  author    = {Ran Canetti and
               Hugo Krawczyk},
  title     = {Analysis of Key-Exchange Protocols and Their Use for Building Secure
               Channels},
  pages     = {453--474},
  crossref  = {EUROCRYPT2001},
}

@inproceedings{BR93:AKE,
  author    = {Mihir Bellare and
               Phillip Rogaway},
  title     = {Entity Authentication and Key Distribution},
  pages     = {232--249},
  crossref  = {CRYPTO93},
}

@misc{BLN14:QUIC,
 author    = {Alexandra Boldyreva and Robert Lychev and Cristina Nita-Rotaru},
 title     = {How Secure and Quick is {QUIC}:In Presence of Malice?},
 howpublished ={In the Rump Session at CRYPTO 2014},
}

@inproceedings{LJBN15:QUIC,
 author    = {Robert Lychev and Samuel Jero and Alexandra Boldyreva and Cristina Nita-Rotaru},
 title     = {How Secure and Quick is {QUIC}? Provably Security and Performance Analyses},
 pages     = {},
 crossref  = {SP2015},
}

@inproceedings{FG14:QUIC,
 author    = {Marc Fischlin and Felix Gunther},
 title     = {Multi Stage Key Exchange and the Case of {G}oogle's {QUIC} Protocol},
 pages     = {400--425},
 crossref  = {CCS2014},
}

@inproceedings{BDKSS14:SSH,
 author    = {Florian Bergsma and Benjamin Dowling and Florian Kohlar and J\"org Schwenk and Douglas Stebila},
 title     = {Multi-Ciphersuite Security of the Secure Shell (SSH) Protocol},
 pages     = {369--381},
 crossref  = {CCS2014},
}

@inproceedings{GKS13:RACCE,
 author    = {Florian Giessen and Florian Kohlar and Douglas Stebila},
 title     = {On the Security of {TLS} Renegotiation},
 pages     = {387--398},
 crossref  = {CCS2013},
}

@inproceedings{BFKPSB14:TLS,
  author    = {Karthikeyan Bhargavan and
               C{\'{e}}dric Fournet and
               Markulf Kohlweiss and
               Alfredo Pironti and
               Pierre{-}Yves Strub and
               Santiago Zanella B{\'{e}}guelin},
  title     = {Proving the {TLS} Handshake Secure (As It Is)},
  pages     = {235--255},
  crossref  = {CRYPTO2014-2},
}

@misc{QUIC,
  author       = "Jim Roskind",
  title        = "{QUIC}: {D}esign Document and Specification Rationale",
  howpublished = "\url{https://docs.google.com/document/d/1RNHkx_VvKWyWg6Lr8SZ-saqsQx7rFV-ev2jRFUoVD34/edit}",
}

@misc{TLS13,
  author       = "Eric Rescorla",
  title        = "The Transport Layer Security({TLS}) Protocol Version 1.3(draft)",
  howpublished = "\url{http://tools.ietf.org/pdf/draft-ietf-tls-tls13-05.pdf}",
}

@misc{TLS12,
  author       = "Tim Dierks and Eric Rescorla",
  title        = "The Transport Layer Security({TLS}) Protocol Version 1.2",
  howpublished = "\url{https://www.ietf.org/rfc/rfc5246.txt}",
}

@misc{QUIC:Crypto,
  author       = "Adam Langley and WanTeh Chang",
  title        = "QUIC: Crypto",
  howpublished = "\url{https://docs.google.com/document/d/1g5nIXAIkN_Y-7XJW5K45IblHd_L2f5LTaDUDwvZ5L6g/edit}",
}

@misc{ChannelID,
  author       = "Dirk Balfanz and Ryan Hamilton",
  title        = "Transport Layer Security ({TLS}) Channel {ID}s",
  howpublished = "\url{http://tools.ietf.org/pdf/draft-balfanz-tls-channelid-00.pdf}",
}

@Inproceedings{MCBW12:TLS-OCB,
 author = {Dietz Michael and Czeskis Alexei and Balfanz Dirk and Wallach Dan S.},
 title = { {Origin}-{bound} Certificates: A Fresh Approach to Strong Client Authentication for the Web},
 pages = {317--331},
 crossref = {USENIX2012},
}


@inproceedings{Kra03:SIGMA,
  author    = {Hugo Krawczyk},
  title     = {{SIGMA:} The '{SIG}n-and-{MA}c' Approach to Authenticated Diffie-Hellman
               and Its Use in the {IKE}-Protocols},
  crossref     = {CRYPTO2003},
  pages     = {400--425},
}

@Inproceedings{Kra05:HQMV,
  author       = {Hugo Krawczyk},
  title        = {{HQMV}: A High-Performance Secure Diffie-Hellman Protocol},
  pages        = {546--566},
  crossref    = {CRYPTO2005},
}

@Inproceedings{JKSS12:ACCE,
  author       = {Tibor Jager and Florian Kohlar and Sven Schage and Joge Schwenk},
  title        = {On the Security of the {TLS}-{DHE} in the Standard Model},
  pages        = {273--293},
  crossref    = {CRYPTO2012},
}

@inproceedings{KPW13:SACCE,
  author       = {Hugo Krawczyk and Kenneth G. Paterson and Hoeteck Wee},
  title        = {On the Security of the TLS Protocol: A Systematic Analysis},
  pages        = {429--448},
  crossref    = {CRYPTO2013-1},
}

@misc{FS13:ACCE,
  author       = {Florian Kohlar and Sven Sch{\"a}ge},
  title        = {On the Security of the {TLS}-{DH} and {TLS}-{RSA} in the Standard Model},
  howpublished = "\url{https://eprint.iacr.org/2013/367.pdf}",
}

@inproceedings{Lip03:ZK,
  author    = {Helger Lipmaa},
  title     = {On Diophantine Complexity and Statistical Zero-Knowledge Arguments},
  pages     = {398--415},
  crossref  = {ASIACRYPT2003},
}

@inproceedings{CF01:UCCom,
  author = {R.~Canetti and M.~Fischlin},
  title = {Universally Composable Commitments},
  crossref = "CRYPTO2001",
  pages = {19--40},
}

@inproceedings{BF01:IBE,
  author =       {D.~Boneh and M.~Franklin},
  title =        {Identity-Based Encryption from {Weil} Paring},
  pages =        {213--229},
  crossref =     {CRYPTO2001},
}

@inproceedings{BT99:ZK,
  author =       {F.~Boudot and J.~Traor\'{e}},
  title =        {Efficient Publicly Verifiable Secret Sharing Schemes with Fast or Delayed Recovery},
  booktitle =    {Second International Conference on Information and Communication Security},
  volume =       {1726},
  series =       LNCS,
  publisher =    springer,
  pages =        {87--102},
  year =         {1999},
}

@inproceedings{Bou00:ZK,
  author =       {F.~Boudot},
  title  =       {Efficient Proof that a Committed Number Lies in an Interval},
  pages =        {431--444},
  crossref =     {EUROCRYPT2000},
}

@unpublished{Boudot-rump:ZK,
  author =       {F.~Boudot},
  note =         {Presentation at the rump session of Eurocrypt 2000.},
}

@article{HSH+09:cold-boot,
  author    = {J. Alex Halderman and
               Seth D. Schoen and
               Nadia Heninger and
               William Clarkson and
               William Paul and
               Joseph A. Calandrino and
               Ariel J. Feldman and
               Jacob Appelbaum and
               Edward W. Felten},
  title     = {Lest we remember: cold-boot attacks on encryption keys},
  journal   = {Communications of the ACM},
  volume    = {52},
  number    = {5},
  pages     = {91-98},
  year      = {2009},
}

@inproceedings{PSST11:Joint,
  author       = "Paterson, Kenneth G. and Schuldt, Jacob C. N. and Stam,
                  Martijn and Thomson, Susan",
  title        = "On the Joint Security of Encryption and Signature, Revisited",
  crossref     = "ASIACRYPT2011",
  pages        = "161-178",
  note         = "See also \url{http://eprint.iacr.org/2011/486}",
}

@inproceedings{HLWW13:LR,
  author    = {Carmit Hazay and
               Adriana L{\'{o}}pez{-}Alt and
               Hoeteck Wee and
               Daniel Wichs},
  title     = {Leakage-Resilient Cryptography from Minimal Assumptions},
  pages     = {160--176},
  crossref  = {EUROCRYPT2013},
}

@inproceedings{AlDVW13:LR:DL,
  author    = {Shweta Agrawal and
               Yevgeniy Dodis and
               Vinod Vaikuntanathan and
               Daniel Wichs},
  title     = {On Continual Leakage of Discrete Log Representations},
  pages     = {401--420},
  crossref  = {ASIACRYPT2013-2},
}

@inproceedings{AGP14:LR:IP,
  author    = {Prabhanjan Ananth and
               Vipul Goyal and
               Omkant Pandey},
  title     = {Interactive Proofs under Continual Memory Leakage},
  pages     = {164--182},
  crossref  = {CRYPTO2014-2},
}

@inproceedings{Gro06,
  author    = {Jens Groth},
  title     = {Simulation-Sound {NIZK} Proofs for a Practical Language and Constant
               Size Group Signatures},
  pages     = {444--459},
  crossref  = {ASIACRYPT2006},
}

@article{BDMP91,
  author =       {Manuel Blum and Alfredo De Santis and Silvio Micali and Giuseppe Persiano},
  title =        {Non-Interactive Zero-Knowledge Proofs},
  journal =      {{SIAM} Journal on Computing},
  volume =       {20},
  number =       {6},
  pages =        {1084--1118},
  month =        {Dec},
  year =         {1991},
}

@InProceedings{BFM88a,
  author =       "M. Blum and P. Feldman and S. Micali",
  title =        "Non-Interactive Zero Knowledge and Its Applications",
  pages =        "103--112",
  crossref =     {STOC88},
}

@InProceedings{BFM88b,
  author =       "M. Blum and P. Feldman and S. Micali",
  title =        "Proving Security Against Chosen Cyphertext Attacks",
  pages =        "256--268",
  crossref =     {CRYPTO88},
}

@Article{FLS99,
  author =       "U.~Feige and D.~Lapidot and A.~Shamir",
  title =        "Multiple Noninteractive Zero Knowledge Proofs Under General Assumptions",
  journal =      "{SIAM} Journal on Computing",
  volume =       "29",
  number =       "1",
  pages  =       "1--28",
  year =         "1999",
}

@InProceedings{FLS90,
  author =       "U. Feige and D. Lapidot and A. Shamir",
  title =        "Multiple non-interactive zero knowledge proofs based
                 on a single random string",
  pages =        "308--317",
  crossref =     {FOCS90a},
}

@Article{MS04:MultiUser,
  author       = "Menezes, Alfred and Smart, Nigel P.",
  title        = "Security of Signature Schemes in a Multi-User Setting",
  journal      = "Designs, Codes and Cryptography",
  year         = "2004",
  volume       = "33",
  number       = "3",
  pages        = "261-274",
  month        = "November",
}


@inproceedings{KKS11:LR:RKA,
  author       = "Kalai, Yael Tauman and Kanukurthi, Bhavana and Sahai,
                  Amit",
  title        = "Cryptography with Tamperable and Leaky Memory",
  pages        = "373-390",
  crossref     = "CRYPTO2011",
}

@InProceedings{DK12:RKA,
  author       = "Dachman-Soled, Dana and Kalai, Yael Tauman",
  title        = "Securing Circuits against Constant-Rate Tampering",
  crossref     = "CRYPTO2012",
  pages        = "533-551",
  note         = "See also \url{http://eprint.iacr.org/2012/366}",
}

@inproceedings{FPV11:NoisyTamper,
  author       = "Faust, Sebastian and Pietrzak, Krzysztof and Venturi,
                  Daniele ",
  title        = "Tamper-Proof Circuits: How to Trade Leakage for Tamper-Resilience",
  pages        = "391-402",
  crossref     = "ICALP2011-1",
  note         = "The full version is available at \url{http://eprint.iacr.org/2011/314}",
}

@inproceedings{IPSW06:Tamper,
  author       = "Ishai, Yuval and Prabhakaran, Manoj and Sahai, Amit
                  and Wagner, David",
  title        = "Private Circuits II: Keeping Secrets in Tamperable Circuits",
  pages        = "308-327",
  crossref     = "EUROCRYPT2006",
}

@inproceedings{DPW10:NMC,
  author       = "Dziembowski, Stefan and Pietrzak, Krzysztof and Wichs,
                  Daniel",
  title        = "Non-Malleable Codes",
  pages        = "434-452",
  crossref     = "ICS2010",
  note         = "The full version is available at \url{http://eprint.iacr.org/2009/608}",
}

@Misc{BMT13:KVSig,
  author       = "Bellare, Mihir and Meiklejohn, Sarah and Thomson, Susan",
  title        = "Key-Versatile Signatures and Applications: {RKA}, {KDM}
                  and Joint Enc/Sig",
  year         = "2013",
  howpublished = "Cryptology ePrint Archive, Report 2013/326",
  url          = "http://eprint.iacr.org/2013/326",
  note         = "Available at \url{http://eprint.iacr.org/2013/326}",
}

@inproceedings{BMT14:KeyVersatile,
  author       = "Mihir Bellare and Sarah Meiklejohn and Susan Thomson",
  title        = "Key-Versatile Signatures and Applications: {RKA}, {KDM}
                  and Joint {Enc}/{Sig}",
  pages        = "496-513",
  crossref     = "EUROCRYPT2014",
}


@InProceedings{BCM11:RKA,
  author       = "Bellare, Mihir and Cash, David and Miller, Rachel",
  title        = "Cryptography Secure Against Related-Key Attacks and Tampering",
  pages        = "486-503",
  crossref     = "ASIACRYPT2011",
  note         = "The full version is available at \url{http://eprint.iacr.org/2011/252}",
}


@inproceedings{LMR14:RKA:PRF,
  author       = "Lewi, Kevin and Montgomery, Hart and Raghunathan, Ananth",
  title        = "Improved Constructions of {PRFs} Secure Against
                  Related-Key Attacks",
  pages        = "44-61",
  crossref     = "ACNS2014",
}

@InProceedings{BR13:RKA:MAC,
  author       = "Rishiraj Bhattacharyya and Arnab Roy",
  title        = "Secure Message Authentication against Related-Key Attack",
  pages        = "305-324",
  crossref     = "FSE2013",
}

@inproceedings{Wee12:RKA,
  author       = "Wee, Hoeteck",
  title        = "Public Key Encryption Against Related Key Attacks",
  pages        = "262-279",
  crossref     = "PKC2012",
}

@InProceedings{GOR11:CI-Hash,
  author       = "Goyal, Vipul and O'Neill, Adam and Rao, Vanishree",
  title        = "Correlated-input secure hash functions",
  crossref     = "TCC2011",
  pages        = "182-200",
  note         = "The full version is available at \url{http://eprint.iacr.org/2011/233}",
}

@inproceedings{AHI11:RKA,
  author       = "Applebaum, Benny and Harnik, Danny and Ishai, Yuval",
  title        = "Semantic Security Under Related-Key Attacks and Applications",
  pages        = "45-60",
  crossref     = "ICS2011",
  note         = "The full version is available at \url{http://eprint.iacr.org/2010/544}",
  url          = "http://eprint.iacr.org/2010/544",
}

@InProceedings{BC10:Obf,
  author       = "Bitansky, Nir and Canetti, Ran",
  title        = "On Strong Simulation and Composable Point Obfuscation",
  crossref     = "CRYPTO2010",
  pages        = "520-537",
}

@InProceedings{BC10:RKA,
  author       = "Bellare, Mihir and Cash, David",
  title        = "Pseudorandom Functions and Permutations Provably
                  Secure Against Related-Key Attacks",
  pages        = "666-684",
  crossref     = "CRYPTO2010",
}

@Article{BDL01:FaultRSA,
  author       = "Boneh, Dan and DeMillo, Richard A. and Lipton, Richard
                  J.",
  title        = "On the Importance of Eliminating Errors in
                  Cryptographic Computations",
  journal      = "Journal of Cryptology",
  year         = "2001",
  volume       = "14",
  number       = "2",
  pages        = "101-119",
  note         = "A preliminary version appeared in {\em EUROCRYPT '97},
                  1997",
}

@inproceedings{Knu92:AttackLOKI,
  author       = "Knudsen, Lars Ramkilde",
  title        = "Cryptanalysis of {LOKI91}",
  pages        = "196-208",
  crossref     = "ASIACRYPT92",
}

@inproceedings{DW09:NM:Extractor,
  author    = {Yevgeniy Dodis and
               Daniel Wichs},
  title     = {Non-malleable extractors and symmetric key cryptography from weak
               secrets},
  pages     = {601--610},
  crossref  = {STOC2009},
}

@inproceedings{DHLW10:LR:FOCS,
  author    = {Yevgeniy Dodis and
               Kristiyan Haralambiev and
               Adriana L{\'{o}}pez{-}Alt and
               Daniel Wichs},
  title     = {Cryptography against Continuous Memory Attacks},
  pages     = {511--520},
  crossref  = {FOCS2010},
  note      = {The full version is available at \url{http://eprint.iacr.org/2010/196}},
}

@inproceedings{DHLW10:LR:AC,
  author    = {Yevgeniy Dodis and
               Kristiyan Haralambiev and
               Adriana L{\'{o}}pez{-}Alt and
               Daniel Wichs},
  title     = {Efficient Public-Key Cryptography in the Presence of Key Leakage},
  pages     = {613--631},
  crossref  = {ASIACRYPT2010},
  note      = {The full version is available at \url{http://eprint.iacr.org/2010/154}},
}

@inproceedings{BFS11:NMHash,
  author    = {Paul Baecher and
               Marc Fischlin and
               Dominique Schr{\"{o}}der},
  title     = {Expedient Non-malleability Notions for Hash Functions},
  pages     = {268--283},
  crossref  = {CTRSA2011},
}

@inproceedings{BCFW09:NMHash,
  author    = {Alexandra Boldyreva and
               David Cash and
               Marc Fischlin and
               Bogdan Warinschi},
  title     = {Foundations of Non-malleable Hash and One-Way Functions},
  pages     = {524--541},
  crossref  = {ASIACRYPT2009},
  url       ={https://eprint.iacr.org/2009/065},
  note         = "Available at \url{http://eprint.iacr.org/2009/065}",
}

@inproceedings{FMVW14:NMC:bound,
  author       = "Faust, Sebastian and Mukherjee, Pratyay and Venturi,
                  Daniele and Wichs, Daniel",
  title        = "Efficient Non-Malleable Codes and Key-Derivation for
                  Poly-size Tampering Circuits",
  pages        = "111-128",
  crossref     = "EUROCRYPT2014",
}

@inproceedings{FMNV14:NMC:Cont,
  author       = " Faust, Sebastian and Mukherjee, Pratyay and Nielsen,
                  Jesper Buus and Venturi, Daniele ",
  title        = "Continuous Non-Malleable Codes",
  crossref     = "TCC2014",
  pages        = "465-488",
}


@Misc{DsLSZ14:NMC:eP,
  author       = "Dachman-Soled, Dana and Liu, Feng-Hao and Shi, Elaine
   and Zhou, Hong-Sheng",
  title        = "Locally Decodable and Updatable Non-Malleable Codes and Their Applications
",
  year         = "2014",
  howpublished = "Cryptology ePrint Archive, Report 2014/663",
  url          = "http://eprint.iacr.org/2014/663",
  note         = "Available at \url{http://eprint.iacr.org/2014/663}",
}

@inproceedings{HJK12:Sig,
  author    = {Dennis Hofheinz and
               Tibor Jager and
               Edward Knapp},
  title     = {Waters Signatures with Optimal Security Reduction},
  pages     = {66-83},
  crossref  = {PKC2012},
}

@InProceedings{GLMMR04:ATP,
  author       = "Gennaro, Rosario and Lysyanskaya, Anna and Malkin, Tal
                  and Micali, Silvio and Rabin, Tal",
  title        = "Algorithmic Tamper-Proof ({ATP}) Security: Theoretical
                  Foundations for Security Against Hardware Tampering",
  crossref     = "TCC2004",
  pages        = "258-277",
}


@inproceedings{FLPQ13,
  author    = {Pooya Farshim and
               Beno\^{\i}t Libert and
               Kenneth G. Paterson and
               Elizabeth A. Quaglia},
  title     = {Robust Encryption, Revisited},
  pages     = {352-368},
  crossref  = {PKC2013},
}


@inproceedings{BMT14:RKA,
  author    = {Mihir Bellare and
               Sarah Meiklejohn and
               Susan Thomson},
  title     = {Key-Versatile Signatures and Applications: RKA, KDM and Joint Enc/Sig},
   pages     = {496-513},
   crossref  = {EUROCRYPT2014},
}

@article{BRSW12:Ext,
  author    = {Boaz Barak and
               Anup Rao and
               Ronen Shaltiel and
               Avi Wigderson},
  title     = {2-source dispersers for $n^{o(1)}$ entropy and Ramsey
               graphs beating the Frankl-Wilson construction},
  journal   = {Annals of Mathematics},
  pages     = {1483-1543},
  volume    = {176},
  number    = {3},
  year      = {2012},
}

@inproceedings{BRSW06:Ext,
  author    = {Boaz Barak and
               Anup Rao and
               Ronen Shaltiel and
               Avi Wigderson},
  title     = {2-source dispersers for sub-polynomial entropy and Ramsey
               graphs beating the Frankl-Wilson construction},
  pages     = {671-680},
  crossref  = {STOC2006},
}

@inproceedings{Rao06:Ext,
  author    = {Anup Rao},
  title     = {Extractors for a constant number of polynomially small min-entropy
               independent sources},
  pages     = {497-506},
 crossref  = {STOC2006},
}

@Misc{Rao07:Ext,
  author    = {Anup Rao},
  title     = {An Exposition of Bourgain's 2-Source Extractor},
  howpublished = {Electronic Colloquium on Computational Complexity (ECCC) {TR07-034}},
  year      = {2007},
  ee        = {http://eccc.hpi-web.de/eccc-reports/2007/TR07-034/index.html},
}


@inproceedings{HO13:LTF,
  author       = {B.~Hemenway and R.~Ostrovsky},
  title        = {Building Lossy Trapdoor Functions from Lossy Encryption},
  pages        = {241-260},
  crossref     = {ASIACRYPT2013-2},
}

@Inproceedings{OPV09:NMC,
  author =  {R.~Ostrovsky and G.~Persiano and I.~Visconti},
  title =   {Simulation-Based Concurrent Non-Malleable Commitments and Decommitments},
  crossref ={TCC2009},
  pages =   {91--108},
}

@Inproceedings{PR05:NMZK,
  author = {Rafael Pass and Alon Rosen},
  title = {New and Improved Constructions of Non-Malleable Cryptographic Protocols},
  crossref = {STOC2005},
  pages = {533--542},
}

@article{PR08:NMZK,
author =  {Rafael Pass and Alon Rosen},
title =   {New and Improved Constructions of Non-Malleable Cryptographic Protocols},
journal = {{SIAM} {J}. {C}omputing},
volume =  {38(2)},
pages =   {702-752},
year =    {2008},
note =    {The preliminary version appeared in {STOC}'05},
}

@article{PR07:NMC,
author =  {Rafael Pass and Alon Rosen},
title  =  {Concurrent Non-Malleable Commitments},
journal= {{SIAM} {J}. {C}omputing},
volume =  {37(6)},
pages  =  {1891-1925},
year   =  {2007},
note   =  {The preliminary version appeared in {FOCS}'05.},
}


@inproceedings{LPJY13:SPS,
  author    = {Beno\^{\i}t Libert and
               Thomas Peters and
               Marc Joye and
               Moti Yung},
  title     = {Linearly Homomorphic Structure-Preserving Signatures and
               Their Applications},
  pages     = {289-307},
  crossref  = {CRYPTO2013-2},
}

@techreport{Dot02:Side,
  author    = {E. Dottax},
  title     = {Fault Attacks on NESSIE Signature and Identification Schemes},
  institution  = {{NESSIE}},
  type =      {Public Report},
  number    = {NES/DOC/ENS/WP5/031/1},
  year      = {2002},
  url          = {https://www.cosic.esat.kuleuven.be/nessie/reports/},
 }

@inproceedings{OP03:Side,
  author    = {Elisabeth Oswald and Bart Preneel},
  title     = {A Survey on Passive Side-Channel Attacks and their Countermeasures for the NESSIE Public-Key Cryptosystems},
  booktitle = {Operating Systems Review},
  year      = {2003},
  pages = {64--71},
 }

@article{CCJ04:Side,
  author    = {Benoit Chevallier-Mames and Mathieu Ciet and and Marc Joye},
  title     = {Low-Cost Solutions for Preventing Simple Side-Channel Analysis: Side-Channel Atomicity},
  journal   = {IEEE TRANSACTIONS ON COMPUTERS},
  volume    = {53},
  number    = {6},
  year      = {2004},
}

@inproceedings{KJJ99:Side,
  author    = {P. Kocher and J. Jaffe and B. Jun},
  title     = {Differential Power Analysis},
  pages     = {388-397},
  crossref  = {CRYPTO99},
}

@inproceedings{MDS99:Side,
  author    = {Thomas S. Messerges and Ezzy A. Dabbish and Robert H. Sloan},
  title     = {Power Analysis Attacks of Modular Exponentiation in Smartcards},
  pages     = {144-157},
  crossref  = {CHES99},
}

@article{BB05:Side,
  author    = {David Brumley and Dan Boneh},
  title     = {Remote timing attacks are practical},
  journal   = {Computer Networks},
  volume    = {48},
  year      = {2005},
  pages     = {701-716},
}
@inproceedings{Koc96:Side,
  author    = {Paul C Kocher},
  title     = {Timing Attacks on Implementations of Diffie-Hellman, {RSA}, {DSS}, and Other Systems},
  pages     = {104-113},
  crossref  = {CRYPTO96},
}

@inproceedings{Sch00:Side,
  author    = {Werner Schindler},
  title     = {A Timing Attack against {RSA} with the Chinese Remainder Theorem},
  pages     = {109-124},
  crossref  = {CHES2000},
}

@inproceedings{ABFHS03:Side,
  author    = {C. Aumuller and P. Bier and W. Fischer and P. Hofreiter and J. P. Seifert},
  title     = {Fault Attacks on {RSA} with {CRT}: Concrete Results and Practical Countermeasures},
  pages     = {260-275},
  crossref  = {CHES2002},
}

@inproceedings{BDL97:Side,
  author    = {D. Boneh and R. A. DeMillo and R. J. Lipton},
  title     = {On the Importance of Checking Cryptographic Protocols for Faults},
  pages     = {37-51},
  crossref  = {EUROCRYPT97},
}

@inproceedings{AK98:Side,
  author    = {Ross Anderson and Markus Kuhn},
  title     = {Low Cost Attacks on Tamper Resistant Devices},
  booktitle   = {Security Protocols},
  year      = {1998},
  pages     = {125-136},
}

@inproceedings{DHKT08:PKENO,
author={Damg{\aa}rd, Ivan and Hofheinz, Dennis and Kiltz, Eike and Thorbek, Rune},
title={Public-Key Encryption with Non-interactive Opening},
pages={239-255},
crossref ={CTRSA2008},
}

@inproceedings{GLFFLMS10,
  author    = {David Galindo and
               Beno\^{\i}t Libert and
               Marc Fischlin and
               Georg Fuchsbauer and
               Anja Lehmann and
               Mark Manulis and
               Dominique Schr{\"o}der},
  title     = {Public-Key Encryption with Non-Interactive Opening: New
               Constructions and Stronger Definitions},
  pages     = {333-350},
  crossref  = {AFRICACRYPT2010},
}


@inproceedings{Bre00:Fact,
  author       = "Richard P.~Brent",
  title        = "Recent Progress and Prospects for Integer Factorisation Algorithms",
  pages        = "3-22",
  booktitle    ={COCOON 2000},
  year         ={2000},
}

@article{Hin08:Fact,
  author    = {M.~Jason Hinek},
  title     = {On the security of multi-prime {RSA}},
  journal   = {Journal of Mathematical Cryptography},
  volume    = {2},
  number    = {2},
  year      = {2008},
  pages     = {117-147},
}

@article{Cop93:NFS,
  author    = {Don Coppersmith},
  title     = {Modifications to the Number Field Sieve},
  journal   = JOC,
  volume    = {6},
  number    = {3},
  year      = {1993},
  pages     = {169-180},
}

@article{KF07,
       author = "T.~Kobayashi and E.~Fujisaki",
       title  = "Security of {ESIGN}-{PSS}",
       journal = {IEICE Transactions},
       number = "E90-A",
       volume =  {7},
       month = "July",
       pages  = "1395--1405",
       year   = "2007",
       publisher = "IEICE"
}

@article{Oka90:ESIGN,
  author =      {T.~Okamoto},
  title  =      {A Fast Signature Scheme Based on Congruential Polynomial Operations},
  journal =     {IEEE Transactions on Information Theory},
  pages =       {47--53},
  volume =      {IT-36},
  number =      {1},
  year =        {1990}
}

@InProceedings{OS85,
    author   = {T.~Okamoto  and A.~Shiraishi},
    title    = {A Fast Signature Scheme Based on Quadratic Inequalities},
    booktitle= {Proceedings of the 1985 Symposium on Security and privacy (SSP '85)},
    year     = {1990},
    pages    = {123--133},
}

@article{BO88:IEEE,
  author       = {E.~Brickell and A.~Odlyzko},
  title        = {Cryptoanalysis: {A} Survey of recent results},
  year         = {1988},
  journal    = {Proceedings of the {IEEE}},
  volume       = {76},
  pages        ={578--593},
}

@inproceedings{BD86:ESIGN,
  author =       {E.~Brickell and J.~DeLaurentis},
  title =        {An Attack on a Signature Scheme Proposed by Okamoto and Shiraishi},
  pages =        {28--32},
  crossref =     {CRYPTO85},
}


@booklet{ISO18033-2,
  key ={ISO18033-2},
  title = {{ISO/IEC} 18033-2: {Information technology} -- {Security techniques} -- {Encryption algorithms} -- {Part 2}: {Asymmetric Ciphers}},
  year =         {2006},
}

@booklet{ISO14888-1,
  key = {ISO14888-1},
  title = {{ISO/IEC} 14888-1: {Information technology} -- {Security techniques} -- {Digital Signatures with appendix} -- {Part 1}: {General}},
  year =         {2008},
}

@booklet{ISO14888-2,
  key = {ISO14888-2},
  title = {{ISO/IEC} 14888-2: {Information technology} -- {Security techniques} -- {Digital Signatures with appendix} -- {Part 2}: {Integer factorization based mechanisms}},
  year =         {2008},
}

@booklet{ISO14888-3,
  key = {ISO14888-3},
  title = {{ISO/IEC} 14888-3: {Information technology} -- {Security techniques} -- {Digital Signatures with appendix} -- {Part 3}: {Discrete logarithm based mechanisms}},
  year =         {2006},
}

@inproceedings{ET02:Fact,
  author       = "Peter Ebinger and Edlyn Teske",
  title        = "Factoring $N = pq^2$ with the Elliptic Curve Method",
  pages        = "475-490",
  crossref     = "ANTS2002",
}

@article{OP96:Fact,
  author    = {E.~Okamoto and R.~Peralta},
  title     = {Faster Factoring of Integers of A Special Form},
  journal   = {IEICE Transactions},
  volume    = {79-A},
  number    = {4},
  year      = {1996},
  pages     = {},
}

@book{Len93:Fact,
title={{The Development of The Number Field Sieve}},
booktitle={{The development of the number field sieve}},
editor={Arjen K. Lenstra and Hendrik W. Lenstra, Jr.},
publisher= {Springer-Verlag},
series={Lecture Notes in Mathematics},
volume={1554},
year={1993},
}

@inproceedings{BDH99:Fact,
  author =       {D.~Boneh and G.~Durfee and N.~Howgrave-Graham},
  title =        {Factoring $N=p^rq$ for Large $r$},
  pages =        {326--337},
  crossref =     {CRYPTO99},
}

@article{Len87:Fact,
  author       = "H.~W.~Lenstra Jr.",
  title        = "Factoring Integers with Elliptic Curves",
  journal   = {Annuals of Mathematics},
  volume    = {126},
  year      = {1987},
  pages     = {649-673},
}

@booklet{NESS:D20v2,
  key ={IST-1999-12324},
  title = {{NESSIE} Security Report, version 2.0},
  year =         {2003},
  url          = "https://www.cosic.esat.kuleuven.be/nessie/deliverables/",
}


@inproceedings{LZL13:Fact,
  author    = {Yao Lu and Rui Zhang and Dongdai Lin},
  title     = {Factoring Multi-power {RSA} Modulus $N = p^rq$ with Partial
               Known Bits},
  pages     = {57-71},
  crossref  = {ACISP2013},
}

@inproceedings{HM08:Fact,
 author = {Herrmann, Mathias and May, Alexander},
 title = {Solving Linear Equations Modulo Divisors: On Factoring Given Any Bits},
 crossref = {ASIACRYPT2008},
 pages = {406--424},
 keywords = {Lattices, factoring with known bits, small roots},
}

@article{IK07:PRP,
  author    = {Tetsu Iwata and Kaoru Kurosawa},
  title     = {How to Construct Super-Pseudorandom Permutations with Short Keys},
  journal   = {IEICE Transactions},
  volume    = {90-A},
  number    = {1},
  year      = {2007},
  pages     = {2-13},
}

@MISC{MP03:sPRP,
 author = {Ueli Maurer and Krzysztof Pietrzak},
 title  = {The Security of Many-Round Luby-Rackoff Pseudo-Random Permutations},
 pages     = {544-561},
 crossref ={EUROCRYPT2003},
}

@inproceedings{Mau92,
 author = {Maurer, Ueli M.},
 title = {A Simplified and Generalized Treatment of Luby-Rackoff Pseudorandom Permutation Generators},
 pages = {239--255},
 crossref ={EUROCRYPT92},
 keywords = {Luby-Rackoff permutation generator, locally random function, pseudorandom function, pseudorandom permutation},
}

@article{NR04,
 author = {Naor, Moni and Reingold, Omer},
 title = {Number-theoretic Constructions of Efficient Pseudo-random Functions},
 journal = {J. ACM},
 issue_date = {March 2004},
 volume = {51},
 number = {2},
 month = mar,
 year = {2004},
 pages = {231--262},
 numpages = {32},
 publisher = {ACM},
 address = {New York, NY, USA},
 keywords = {Pseudo-random functions, constant-depth threshold circuits, decision Diffie--Hellman, factoring, learning theory, natural proofs},
}

@article{NR99,
  author  =      {M.~Naor and O.~Reingold},
  title   =      {On the Construction of Pseudorandom Permutations: Luby-Rackoff Revisited},
  pages   =      {29--66},
  journal =      JOC,
  volume  =      {12},
  number  =      {1},
  year =         {1999},
  note =   {(Presented in STOC'97)}
}

@article{LR88:PRP,
  author =       {M.~Luby and C.~Rackoff},
  title =        {How to Construct Pseudorandom Permutations from Pseudorandom Functions},
  journal =      {SIAM. J. Computing},
  volume =       {17},
  number =       {2},
  pages =        {373--386},
  year =         {1988},
  note =   {(Presented in CRYPTO'85)},
}

@inproceedings{GVW12,
  author    = {Sergey Gorbunov and
               Vinod Vaikuntanathan and
               Hoeteck Wee},
  title     = {Functional Encryption with Bounded Collusions via Multi-party
               Computation},
  pages     = {162-179},
  crossref  = "CRYPTO2012",
}

@inproceedings{KW03,
 author = {J.~Katz and N.~Wang},
 title  = {Efficiency improvements for signature schemes with tight security reductions},
 booktitle ={Proceedings of the 10th ACM Conference on Computer and Communications Security, {CCS} 2003},
 publisher = {ACM},
 editor =  {S.~Jajodia and V.~Atluri and T.~Jaeger},
 pages   = {155--164},
 year    = {2003},
}

@article{GKJW07,
  author =       {E.~Goh and J.~Katz and S.~Jarecki and N.~Wang},
  title =        {Efficient Signature Schemes with Tight Security Reductions to the Diffie-Hellman Problems},
  pages   =      {29--66},
  journal =      JOC,
  volume  =      {20},
  number  =      {4},
  year =         {2007},
}

@inproceedings{BSW12,
 author = {Boneh, Dan and Segev, Gil and Waters, Brent},
 title = {Targeted malleability: homomorphic encryption for restricted computations},
 pages = {350--366},
 crossref = "ITCS2012",
 keywords = {homomorphic encryption, non-malleable encryption},
}

@inproceedings{PR08,
  author    = {Manoj Prabhakaran and Mike Rosulek},
  title     = {Towards Robust Computation on Encrypted Data},
  pages     = {216-233},
  crossref  = {ASIACRYPT2008},
}

@inproceedings{PR08:HCCA,
  author    = {Manoj Prabhakaran and Mike Rosulek},
  title     = {Homomorphic Encryption with CCA Security},
  pages     = {667-678},
  crossref  = "ICALP2008-2",
}

@inproceedings{PR07:RCCA,
  author    = {Manoj Prabhakaran and Mike Rosulek},
  title     = {Rerandomizable RCCA Encryption},
  pages     = {517-534},
  crossref  = {CRYPTO2007},
}

@article{Gro10:Shuffle,
  author    = {Jens Groth},
  title     = {A Verifiable Secret Shuffle of Homomorphic Encryptions},
  journal   = {Journal of Cryptology},
  volume    = {23},
  number    = {4},
  year      = {2010},
  pages     = {546-579},
}

@inproceedings{Gro10:NIZK,
  author    = {Jens Groth},
  title     = {Short Pairing-Based Non-interactive Zero-Knowledge Arguments},
  pages     = {321-340},
  crossref  = {ASIACRYPT2010},
}

@inproceedings{Gro04,
  author    = {Jens Groth},
  title     = {Rerandomizable and Replayable Adaptive Chosen Ciphertext
               Attack Secure Cryptosystems},
  pages     = {152-170},
  crossref  = "TCC2004",
}

@article{CKN03:RCCA,
  author    = {Ran Canetti and
               Hugo Krawczyk and
               Jesper Buus Nielsen},
  title     = {Relaxing Chosen-Ciphertext Security},
  pages     = {565-582},
  crossref  = "CRYPTO2003",
}

@inproceedings{CKS08:2DH,
  author    = {D.~Cash and E.~Kiltz and V.~Shoup},
  title     = {The Twin Diffie-Hellman Problem and Applications},
  pages     = {127-145},
  crossref  = {EUROCRYPT2008},
}


@inproceedings{ADR02,
  author    = {Jee Hea An and Yevgeniy Dodis and Tal Rabin},
  title     = {On the Security of Joint Signature and Encryption},
  pages     = {83-107},
  crossref  = "EUROCRYPT2002",
}

@inproceedings{CGS97,
  author =    {R.~Cramer and R.~Gennaro and B.~Schoenmakers},
  title = {A Secure and Optimally Efficient Multi-Authority Election Scheme},
  pages = {103--118},
  crossref  = "EUROCRYPT97",
}

@inproceedings{CW13,
  author    = {Jie Chen and Hoeteck Wee},
  title     = {Fully, (Almost) Tightly Secure IBE and Dual System Groups},
  pages     = {435-460},
  crossref  = "CRYPTO2013-2",
}

@inproceedings{HJ12:Tight,
  author    = {Dennis Hofheinz and
               Tibor Jager},
  title     = {Tightly Secure Signatures and Public-Key Encryption},
  pages     = {590-607},
  crossref  = "CRYPTO2012",
}


@Misc{CG13:NMC:Capacity,
  author       = "Cheraghchi, Mahdi and Guruswami, Venkatesan",
  title        = "Capacity of Non-Malleable Codes",
  year         = "2013",
  howpublished = "Cryptology ePrint Archive, Report 2013/564",
  url          = "http://eprint.iacr.org/2013/564",
  note         = "Available at \url{http://eprint.iacr.org/2013/564}",
}

@Misc{CG13:NMC1,
  author       = "Cheraghchi, Mahdi and Guruswami, Venkatesan",
  title        = "Non-Malleable Coding Against Bit-wise and Split-State Tampering",
  year         = "2013",
  howpublished = "Cryptology ePrint Archive, Report 2013/565",
  url          = "http://eprint.iacr.org/2013/565",
  note         = "Available at \url{http://eprint.iacr.org/2013/565}",
}

@Misc{ADL13:NMCfromAC,
  author       = "Aggarwal, Divesh and Dodis, Yevgeniy and Lovett, Shachar",
  title        = "Non-malleable Codes from Additive Combinatorics",
  year         = "2013",
  howpublished = "Cryptology ePrint Archive, Report 2013/201",
  url          = "http://eprint.iacr.org/2013/201",
  note         = "Available at \url{http://eprint.iacr.org/2013/201}",
}

@InProceedings{ADL14:NMCfromAC,
  author       = "Aggarwal, Divesh and Dodis, Yevgeniy and Lovett, Shachar",
  title        = "Non-malleable Codes from Additive Combinatorics",
  pages        = "774-783",
  crossref     = "STOC2014",
  note         = "See also \url{http://eprint.iacr.org/2013/201}",
}

@inproceedings{DKO13:NMCfromTSE,
  author       = " Dziembowski, Stefan and Kazana, Tomasz and Obremski, Maciej ",
  title        = "Non-malleable Codes from Two-Source Extractors",
  pages        = "239-257",
  crossref     = "CRYPTO2013-2",
}

@InProceedings{DFMV13:BTamper,
  author       = "Damg{\aa}rd, Ivan and Faust, Sebastian and Mukherjee,
                  Pratyay and Venturi, Daniele",
  title        = "Bounded Tamper Resilience: How to go beyond the
                  Algebraic Barrier ",
  crossref     = "ASIACRYPT2013-2",
  pages        = "140-160",
  note         = "See also \url{http://eprint.iacr.org/2013/677} and \url{http://eprint.iacr.org/2013/124}",
}

@Misc{DFMV13:BTamper:eP,
  author       = "Damg{\aa}rd, Ivan and Faust, Sebastian and Mukherjee,
                  Pratyay and Venturi, Daniele",
  title        = "Tamper Resilient Cryptography Without Self-Destruct",
  year         = "2013",
  howpublished = "Cryptology ePrint Archive, Report 2013/124",
  url          = "http://eprint.iacr.org/2013/124",
  note         = "Available at \url{http://eprint.iacr.org/2013/124}",
}

@inproceedings{BBM00,
  author =       {M.~Bellare A.~Boldyreva and S.~Micali},
  title =        {Public-Key Encryption in a Multi-user Setting: Security Proofs and Improvements},
  pages =        {259--274},
  crossref =    "EUROCRYPT2000",
}


@inproceedings{OU98,
  author =       {Tatsuaki Okamoto and Sigenori Uchiyama},
  title =        {A New Public-Key Cryptosystem as Secure as Factoring},
  pages =        {308--318},
  crossref =     "EUROCRYPT98",
}

@inproceedings{BCPV13:UCCom,
  author    = {Olivier Blazy and
               C{\'e}line Chevalier and
               David Pointcheval and
               Damien Vergnaud},
  title     = {Analysis and Improvement of Lindell's UC-Secure Commitment
               Schemes},
  pages     = {534-551},
  crossref  = "ACNS2013",
}

@inproceedings{BCPT13:RDM,
  author ={Birrell, Eleanor and Chung, Kai-Min and Pass, Rafael and Telang, Sidharth},
  title  ={Randomness-Dependent Message Security},
  pages  ={700--720},
  crossref = "TCC2013",
}

@inproceedings{CKS11:UCZK,
  author    = {Jan Camenisch and
               Stephan Krenn and
               Victor Shoup},
  title     = {A Framework for Practical Universally Composable Zero-Knowledge
               Protocols},
  pages     = {449-467},
  crossref  = "ASIACRYPT2011",
}

@inproceedings{CHHIKPSV07,
  author    = {Ronald Cramer and
               Goichiro Hanaoka and
               Dennis Hofheinz and
               Hideki Imai and
               Eike Kiltz and
               Rafael Pass and
               Abhi Shelat and
               Vinod Vaikuntanathan},
  title     = {Bounded CCA2-Secure Encryption},
  pages     = {502-518},
  crossref  = "ASIACRYPT2007",
}

@inproceedings{MHM12,
  author    = {Takahiro Matsuda and
               Goichiro Hanaoka and
               Kanta Matsuura},
  title     = {Relations between Constrained and Bounded Chosen Ciphertext
               Security for Key Encapsulation Mechanisms},
  pages     = {576-594},
  crossref  = "PKC2012",
}

@article{KP98:NIZK,
  author    = {Joe Kilian and
               Erez Petrank},
  title     = {An Efficient Noninteractive Zero-Knowledge Proof System
               for NP with General Assumptions},
  journal   = JOC,
  volume    = {11},
  number    = {1},
  year      = {1998},
  pages     = {1-27},
}

@inproceedings{CG85:extractor,
  author    = {Benny Chor and
               Oded Goldreich},
  title     = {Unbiased Bits from Sources of Weak Randomness and Probabilistic
               Communication Complexity (Extended Abstract)},
  crossref =  "FOCS85",
  pages     = {429-442},
}

@article{Vaz87:extractor,
  author    = {Umesh V.~Vazirani},
  title     = {Strong communication complexity or generating quasirandom
               sequences form two communicating semi-random sources},
  journal   = {Combinatorica},
  volume    = {7},
  number    = {4},
  year      = {1987},
  pages     = {375-392},
}

@article{SV86:extractor,
  author    = {Miklos Santha and Umesh V.~Vazirani},
  title        = "Generating Quasi-Random Sequences from Semi-Random Sources",
  journal      = "Journal of Computer and System Sciences",
  volume       = "33",
  number       = "1",
  year         = "1986",
  pages        = "75-87",
}

@inproceedings{HK07:CCCAKEM,
  author    = {Dennis Hofheinz and Eike Kiltz},
  title     = {Secure Hybrid Encryption from Weakened Key Encapsulation},
  crossref = "CRYPTO2007",
  pages     = {553-571},
}

@inproceedings{ZCC13,
  author =       {Z.~Zhang and S.~S.~M.~Chow and Z.~Cao},
  title =        {Post-Challenge Leakage in Public Key Encryption},
  booktitle =    {The 30th symposium on Cryptography and Information Security},
  number =       {SCIS2013-2A4-2},
  year =         {2013},
}

@inproceedings{AAAA,
  author       = "Zhengan Huang and Shengli Liu and Baodong Qin",
  title        = "Sender Equivocable Encryption Schemes Secure against
Chosen-Ciphertext Attacks Revisited",
  pages        = "xxx-xxx",
  crossref     = "PKC2013",
}

@inproceedings{Dam89:Com,
  author    = {Ivan Damg{\aa}rd},
  title     = {On the Existence of Bit Commitment Schemes and Zero-Knowledge
               Proofs},
  pages     = {17-27},
  crossref  = {CRYPTO89},
}

@inproceedings{DNRS99:Magic,
    author = "Cynthia Dwork and Moni Naor and Omer Reingold and Larry J. Stockmeyer",
    title = "Magic Functions",
    pages = "523-534",
    crossref ="FOCS99",
}

@inproceedings{BDWY12:SOA,
  author    = {Mihir Bellare and
               Rafael Dowsley and
               Brent Waters and
               Scott Yilek},
  title     = {Standard Security Does Not Imply Security against Selective-Opening},
  pages     = {645-662},
  crossref  = "EUROCRYPT2012",
}

@article{Hof11:SOA,
  author    = {Dennis Hofheinz},
  title     = {Possibility and Impossibility Results for Selective Decommitments},
  journal   = {J. Cryptology},
  volume    = {24},
  number    = {3},
  year      = {2011},
  pages     = {470-516},
}

@article{HLQ12:SOA,
  author    = {Zhengan Huang and
               Shengli Liu and
               Baodong Qin},
  title     = {Sender Equivocable Encryption Schemes Secure against Chosen-Ciphertext
               Attacks Revisited},
  journal   = {IACR Cryptology ePrint Archive},
  volume    = {2012},
  year      = {2012},
  pages     = {473},
  ee        = {http://eprint.iacr.org/2012/473},
  note      = {(last revised 27 Jan 2013)},
}


@inproceedings{HLQ13:SOA,
  title={Sender-Equivocable Encryption Schemes Secure against Chosen-Ciphertext Attacks Revisited},
  author={Zhengan Huang and Shengli Liu and Baodong Qin},
  pages={369-385},
  crossref  = {PKC2013},
}

@inproceedings{FHKW10:SOA,
  author    = {Serge Fehr and
               Dennis Hofheinz and
               Eike Kiltz and
               Hoeteck Wee},
  title     = {Encryption Schemes Secure against Chosen-Ciphertext Selective
               Opening Attacks},
  year      = {2010},
  pages     = {381-402},
  crossref  = {EUROCRYPT2010},
}

@inproceedings{BHK12:SOA,
  author    = {Florian B{\"o}hl and
               Dennis Hofheinz and
               Daniel Kraschewski},
  title     = {On Definitions of Selective Opening Security},
  pages     = {522-539},
  crossref  = {PKC2012},
}

@article{BHK11:SOA,
  author    = {Florian B{\"o}hl and
               Dennis Hofheinz and
               Daniel Kraschewski},
  title     = {On definitions of selective opening security},
  journal   = {IACR Cryptology ePrint Archive},
  volume    = {2011},
  year      = {2011},
  pages     = {678},
  ee        = {http://eprint.iacr.org/2011/678},
}

@inproceedings{BHY09:SOA,
  author    = {Mihir Bellare and
               Dennis Hofheinz and
               Scott Yilek},
  title     = {Possibility and Impossibility Results for Encryption and
               Commitment Secure under Selective Opening},
  pages     = {1-35},
  crossref  = "EUROCRYPT2009",
}

@inproceedings{CS03:VEnc,
  author    = {Jan Camenisch and
               Victor Shoup},
  title     = {Practical Verifiable Encryption and Decryption of Discrete
               Logarithms},
  pages     = {126-144},
  crossref  = "CRYPTO2003",
}


@inproceedings{HU08:KDM,
  author    = {Dennis Hofheinz and
               Dominique Unruh},
  title     = {Towards Key-Dependent Message Security in the Standard Model},
  pages     = {108-126},
  crossref  = "EUROCRYPT2008",
}

@inproceedings{CGH12:KDM,
  author    = {David Cash and
               Matthew Green and
               Susan Hohenberger},
  title     = {New Definitions and Separations for Circular Security},
  pages     = {540-557},
  crossref  = "PKC2012",
}

@article{GH10:KDM,
  author    = {Matthew Green and
               Susan Hohenberger},
  title     = {{CPA} and {CCA}-Secure Encryption Systems that are not 2-Circular
               Secure},
  journal   = {IACR Cryptology ePrint Archive},
  volume    = {2010},
  year      = {2010},
  pages     = {144},
  ee        = {http://eprint.iacr.org/2010/144},
}

@inproceedings{CCS09:KDM,
  author = {J.~Camenisch and N.~Chandran and V.~Shoup},
  title = {A Public Key Encryption Scheme Secure against Key Dependent Chosen Plaintext and Adaptive Chosen Ciphertext Attacks},
  pages = {351--368},
  crossref = "EUROCRYPT2009",
}

@inproceedings{GHV12:KDM,
  author    = {David Galindo and
               Javier Herranz and
               Jorge L. Villar},
  title     = {Identity-Based Encryption with Master Key-Dependent Message
               Security and Leakage-Resilience},
  booktitle = {ESORICS},
  year      = {2012},
  pages     = {627-642},
  editor    = {Sara Foresti and
               Moti Yung and
               Fabio Martinelli},
  publisher = {Springer},
  series    = {Lecture Notes in Computer Science},
  volume    = {7459},
}

@inproceedings{BRS02:KDM,
  author    = {John Black and
               Phillip Rogaway and
               Thomas Shrimpton},
  title     = {Encryption-Scheme Security in the Presence of Key-Dependent
               Messages},
  booktitle = {SAC2002 - Selected Areas in Cryptography},
  pages     = {62-75},
  editor    = {Kaisa Nyberg and
               Howard M. Heys},
  publisher = {Springer},
  series    = {Lecture Notes in Computer Science},
  volume    = {2595},
  year      = {2003},
}

@inproceedings{CL01:KDM,
  author    = {Jan Camenisch and
               Anna Lysyanskaya},
  title     = {An Efficient System for Non-transferable Anonymous Credentials
               with Optional Anonymity Revocation},
  year      = {2001},
  pages     = {93-118},
  crossref  = "EUROCRYPT2001",

}

@article{Hof12:KDM,
  author    = {Dennis Hofheinz},
  title     = {Circular chosen-ciphertext security with compact ciphertexts},
  journal   = {IACR Cryptology ePrint Archive},
  volume    = {2012},
  year      = {2012},
  ee        = {http://eprint.iacr.org/2012/150},
}

@inproceedings{HH09:KDM,
  author    = {Iftach Haitner and
               Thomas Holenstein},
  title     = {On the (Im)Possibility of Key Dependent Encryption},
  pages     = {202-219},
  crossref  = "TCC2009",
}

@Misc{BHHI09:KDM,
  author       = "Barak, Boaz and Haitner, Iftach and Hofheinz, Dennis
                  and Ishai, Yuval",
  title        = "Bounded Key-Dependent Message Security",
  year         = "2009",
  howpublished = "Cryptology ePrint Archive, Report 2009/511",
  url          = "http://eprint.iacr.org/2009/511",
}

@inproceedings{BHHI10:KDM,
  author    = {Boaz Barak and
               Iftach Haitner and
               Dennis Hofheinz and
               Yuval Ishai},
  title     = {Bounded Key-Dependent Message Security},
  pages     = {423-444},
  crossref  = "EUROCRYPT2010",
}

@Misc{BGK09:KDM,
  author       = "Brakerski, Zvika and Goldwasser, Shafi and Kalai, Yael",
  title        = "Circular-Secure Encryption Beyond {Affine} Functions",
  year         = "2009",
  howpublished = "Cryptology ePrint Archive, Report 2009/485",
  url          = "http://eprint.iacr.org/2009/485",
}

@inproceedings{BGK11:KDM,
  author    = {Zvika Brakerski and
               Shafi Goldwasser and
               Yael Tauman Kalai},
  title     = {Black-Box Circular-Secure Encryption beyond Affine Functions},
  pages     = {201-218},
  crossref  = "TCC2011",
}


@inproceedings{App11:KDM,
  author    = {Benny Applebaum},
  title     = {Key-Dependent Message Security: Generic Amplification and
               Completeness},
  pages     = {527-546},
  crossref = "EUROCRYPT2011",
}

@inproceedings{MTY11:KDM,
  author={Tal Malkin and Isamu Teranishi and Moti Yung},
  title= {Efficient Circuit-Size Independent Public Key Encryption with KDM Security},
  pages= {507-526},
  crossref = "EUROCRYPT2011",
}


@TechReport{FIPS197,
  author       = "NIST",
  title        = "Advanced Encryption Standard ({AES}), {FIPS} 197",
  organization = "NIST",
  month        = "November",
  year         = "2001",
}

@inproceedings{BK09:RKA,
  author       = "Biryukov, Alex and Khovratovich, Dmitry",
  title        = "Related-Key Cryptanalysis of the Full {AES}-192 and {AES}-256",
  pages        = "1-18",
  crossref     = "ASIACRYPT2009",
}


@inproceedings{BPT12:RKA,
  author       = "Bellare, Mihir and Paterson, Kenneth G. and Thomason, Susan",
  title        = "{RKA} Security beyond the Linear Barrier: {IBE}, Encryption and Signatures",
  pages        = "331-348",
  crossref     = "ASIACRYPT2012",
  note         = "See also \url{http://eprint.iacr.org/2012/514}",
}

@misc{BPT12:RKA1,
  author       = "Bellare, Mihir and Paterson, Kenneth G. and Thomson, Susan",
  title        = "{RKA} Security beyond the Linear Barrier: {IBE},
                  Encryption and Signatures",
  year         = "2012",
  howpublished = "Cryptology ePrint Archive, Report 2012/514",
  note         = "To appear \emph{ASIACRYPT 2012}. Available at {http://eprint.iacr.org/2012/514}.",
}

@inproceedings{BBDP01:KeyPrivacy,
  author       = "Bellare, Mihir and Boldyreva, Alexandra and Desai,
                  Anand and Pointcheval, David",
  title        = "Key-Privacy in Public-Key Encryption",
  pages        = "566-582",
  crossref     = "ASIACRYPT2001",
}

@inproceedings{BK09,
  author       = {Biryukov, Alex and Khovratovich, Dmitry},
  title        = {Related-Key Cryptanalysis of the Full {AES}-192 and {AES}-256},
  pages        = "1-18",
  crossref     = "ASIACRYPT2009",
}

@inproceedings{Sah99:NMZKandCCA,
  author       = "Sahai, Amit",
  title        = "Non-Malleable Non-Interactive Zero Knowledge and Adaptive Chosen-Ciphertext Security",
  pages        = "543-553",
  crossref     = "FOCS99",
}

@inproceedings{CKM11:BiTR,
  author       = "Choi,  Seung Geol and Kiayias, Aggelos and Malkin, Tal",
  title        = "{BiTR}: Built-in Tamper Resilience",
  pages        = "740-758",
  crossref     = "ASIACRYPT2011",
  note         = "See also \url{http://eprint.iacr.org/2010/503}",
}


@InProceedings{Sha71:Baby,
  author       ={Shanks, Daniel},
  title        ={Class number, a theory of factorization and genera},
  booktitle    ={Symp Pure Math},
  volume       ={20},
  pages        ={415--440},
  publisher    =AMS,
  year         ={1971},
}

@book{HAC,
  author =   "Menezes, Alfred and Oorschot, Paul and Vanstone, Scott",
  title =    "Handbook of Applied Cryptography",
  publisher =    "CRC Press",
  year =   "1997",
}


@Misc{Sho01:ISO,
  author       = "Shoup, Victor",
  title        = "A Proposal for an {ISO} Standard for Public Key Encryption",
  year         = "2001",
  month        = "December",
  howpublished = "Cryptology ePrint Archive, Report 2001/112",
  url          = "http://eprint.iacr.org/2001/112",
}

@InProceedings{AT09:TE,
  author       = "Arita, Seiko and Tsurudome, Koji",
  title        = "Construction of Threshold Public-Key Encryptions
                  through Tag-Based Encryptions",
  crossref     = "ACNS2009",
  pages        = "186-200",
}

@inproceedings{BMO90:PZK,
  author    = {Mihir Bellare and
               Silvio Micali and
               Rafail Ostrovsky},
  title     = {Perfect Zero-Knowledge in Constant Rounds},
  crossref = "STOC90",
  pages     = {482-493},
}

@InProceedings{BBH06:TE,
  author       = "Boneh, Dan and Boyen, Xavier and Halevi, Shai",
  title        = "Chosen Ciphertext Secure Public Key Threshold
                  Encryption Without Random Oracles",
  crossref     = "CTRSA2006",
  pages        = "226-243",
}

@Article{SG02:TE,
  author       = "Shoup, Victor and Gennaro, Rosario",
  title        = "Securing Threshold Cryptosystems against Chosen
                  Ciphertext Attack",
  journal      = JOC,
  year         = "2002",
  volume       = "15",
  number       = "2",
  pages        = "75-96",
  note         = "",
}

@InProceedings{MRY04:TagNM,
  author       = "MacKenzie, Philip and Reiter, Michael K. and Yang, Ke",
  title        = "Alternatives to Non-malleability: Definitions,
                  Constructions, and Applications (Extended Abstract)",
  crossref     = "TCC2004",
  pages        = "171-190",
}

@InProceedings{BMW05:CCA,
  author       = "Boyen, Xavier and Mei, Qixiang and Waters, Brent",
  title        = "Direct chosen ciphertext security from identity-based
                  techniques",
  crossref     = "CCS2005",
  pages        = "320-329",
  note         = "The full version is available at \url{http://eprint.iacr.org/2005/288}",
}

@InProceedings{HW07:CLE,
  author       = "Huang, Qiong and Wong, Duncan S.",
  title        = "Generic Certificateless Encryption in the Standard Model",
  crossref     = "IWSEC2007",
  pages        = "278-291",
}

@InProceedings{LQ06:CLE,
  author       = "Libert, Beno{\^i}t and Quisquater, Jean-Jacques",
  title        = "Efficient and Non-interactive Timed-Release Encryption",
  crossref     = "PKC2006",
  pages        = "474-490",
}

@InProceedings{AMCWLY07:CLE,
  author       = "Au, Man Ho and Mu, Yi and Chen, Jing and Wong, Duncan
                  S. and Liu, Joseph K. and Yang, Guomin",
  title        = "Malicious KGC attacks in certificateless cryptography",
  crossref     = "ASIACCS2007",
  pages        = "302-311",
}

@inproceedings{CF01,
author = {R.~Canetti and M.~Fischlin},
title = {Universally Composable Commitments},
crossref = "CRYPTO2001",
pages = {19--40},
}

@InProceedings{CRR08:CLE,
  author       = "Chow, Sherman S. M. and Roth, Volker and Rieffel,
                  Eleanor G.",
  title        = "General Certificateless Encryption and Timed-Release Encryption",
  crossref     = "SCN2008",
  pages        = "126-143",
}

@Article{GRS99:Onion,
  author       = "Goldschlag, David M. and Reed, Michael G. and Syverson,
                  Paul F.",
  title        = "Onion Routing",
  journal      = "Communications of the ACM",
  year         = "1999",
  volume       = "42",
  number       = "2",
  pages        = "39-41",
}

@Article{Sha49:Comm,
  author       = "Shannon, Claude E.",
  title        = "Communication Theory of Secrecy Systems",
  journal      = "Bell System Technical Journal",
  year         = "1949",
  volume       = "28",
  number       = "4",
  pages        = "656-715",
}

@phdthesis{Gro04:PHD,
author = {J.~Groth},
title = {Honest Verifier Zero-Knowledge Arguments Applied},
school = {{B}asic {R}esarch in {C}omputer {S}cience, {U}niversity of {A}arhus},
year =  {2004},
}

@InProceedings{GZBJJ02:Mix,
  author       = "Golle, Philippe and Zhong, Sheng and Boneh, Dan and
                  Jakobsson, Markus and Juels, Ari",
  title        = "Optimistic Mixing for Exit-Polls",
  crossref     = "ASIACRYPT2002",
  pages        = "451-465",
}

@InProceedings{JJ01:Mix,
  author       = "Jakobsson, Markus and Juels, Ari",
  title        = "An optimally robust hybrid mix network",
  crossref     = "PODC2001",
  pages        = "284-292",
}

@Article{HCS08:VersatileTRE,
  author       = "Hristu-Varsakelis, Dimitrios and Chalkias,
                  Konstantinos and Stephanides, George",
  title        = "A Versatile Secure Protocol for Anonymous
                  Timed-Release Encryption",
  journal      = "Journal of Information Assurance and Security",
  year         = "2008",
  volume       = "3",
  number       = "1",
  pages        = "80-",
  note         = "See \url{http://www.mirlabs.org/jias/}",
}

@InProceedings{HvCS97:TRE,
  author       = "Hristu-Varsakelis, Dimitrios and Chalkias,
                  Konstantinos and Stephanides, George",
  title        = "Low-cost Anonymous Timed-Release Encryption",
  crossref     = "IAS2007",
  pages        = "77-82",
}

@InProceedings{GM09:Cascade,
  author       = "Gazi, Peter and Maurer, Ueli M.",
  title        = "Cascade Encryption Revisited",
  crossref     = "ASIACRYPT2009",
  pages        = "37-51",
}

@Article{MM93:Cascade,
  author       = "Maurer, Ueli M. and Massey, James L.",
  title        = "Cascade Ciphers: The Importance of Being First",
  journal      = "Journal of Cryptology",
  year         = "1993",
  volume       = "6",
  number       = "1",
  pages        = "55-61",
}

@Article{MH81:Cascade2,
  author       = "Merkle, Ralph C. and Hellman, Martin E. ",
  title        = "On the Security of Multiple Encryption",
  journal      = "Communications of the ACM",
  year         = "1981",
  volume       = "24",
  number       = "7",
  pages        = "465-467",
}

@InProceedings{FOS10:SeqME,
  author       = "Fujioka, Atsushi and Okamoto, Yoshiaki and Saito, Taiichi",
  title        = "Security of Sequential Multiple Encryption",
  crossref     = "LATINCRYPT2010",
  pages        = "20-39",
}

@InProceedings{Fra89:Group,
  author       = "Frankel, Yair",
  title        = "A Practical Protocol for Large Group Oriented Networks",
  crossref     = "EUROCRYPT89",
  pages        = "56-61",
}

@Article{EG85:Cascade4,
  author       = "Even, Shimon and Goldreich, Oded",
  title        = "On the Power of Cascade Ciphers",
  journal      = "ACM Transactions on Computer Systems (TOCS)",
  year         = "1985",
  volume       = "3",
  number       = "2",
  pages        = "108-116",
}

@InProceedings{DKXY02:KI-PKE,
  author       = "Dodis, Yevgeniy and Katz, Jonathan and Xu, Shouhuai
                  and Yung, Moti",
  title        = "Key-Insulated Public Key Cryptosystems",
  crossref     = "EUROCRYPT2002",
  pages        = "65-82",
}

@InProceedings{DF02:BE,
  author       = "Dodis, Yevgeniy and Fazio, Nelly",
  title        = "Public Key Broadcast Encryption for Stateless Receivers",
  crossref     = "DRM2002",
  pages        = "61-80",
}

@InProceedings{DF89:TE,
  author       = "Desmedt, Yvo and Frankel, Yair",
  title        = "Threshold Cryptosystems",
  crossref     = "CRYPTO89",
  pages        = "307-315",
}

@InProceedings{Des87:Grp,
  author       = "Desmedt, Yvo",
  title        = "Society and Group Oriented Cryptography: A New Concept",
  crossref     = "CRYPTO87",
  pages        = "120-127",
}

@InProceedings{Can01:UC,
  author =   {R.~Canetti},
  title =    {Universally Composable Security: A New Paradigm for Cryptographic Protocols},
  crossref =    "FOCS2001",
  pages =        {136--145},
  note =         {The full version available at at Cryptology ePrint Archive {\tt http://eprint.iacr.org/2000/067}},
}

@techreport{Can05:UC,
 author = {Ran Canetti},
 title = {Universally Composable Security: {A} New Paradigm for Cryptograpic
  Protocols},
 institution = {Cryptology ePrint Archive, Report 2000/067},
 note =  {Preliminary version appeared in FOCS'01},
 year = {2005}
}

@InProceedings{CLOS02,
  author =   {R.~Canetti and Y.~Lindell and R.~Ostrovsky and A.~Sahai},
  title =    {Universally composable two-party and multi-party secure computation},
  crossref =   "STOC2002",
  pages =        {494-503},
  note =         "The full version available at {\tt http://eprint.iacr.org/2002/140}",
}

@InProceedings{CKI06:ME,
  author       = "Cui, Yang and Kobara, Kazukuni and Imai, Hideki",
  title        = "Efficient Multiple Encryption from {OW-PCA} Primitives",
  booktitle    = "ISITA 2006",
  year         = "2006",
  pages        = "502-506",
}

@Article{CHKO08:TRE,
  author       = "Cheon, Jung Hee and Hopper, Nicholas and Kim, Yongdae
                  and Osipkov, Ivan",
  title        = "Provably Secure Timed-Release Public Key Encryption",
  journal      = "ACM Transactions on Information and System Security (TISSEC)",
  year         = "2008",
  volume       = "11",
  number       = "2",
  pages        = "Article~4",
  annote       = "Preliminary version in {\em FC 2006}, 2006",
}

@InProceedings{CHKO06:TRE,
  author       = "Cheon, Jung Hee and Hopper, Nicholas and Kim, Yongdae
                  and Osipkov, Ivan",
  title        = "Timed-Release and Key-Insulated Public Key Encryption",
  crossref     = "FC2006",
  pages        = "191-205",
  note         = "The full version is available at \url{http://eprint.iacr.org/2004/231}",
}

@Article{Cha81:Mix,
  author       = "Chaum, David",
  title        = "Untraceable Electronic Mail, Return Addresses, and
                  Digital Pseudonyms",
  journal      = "Communications of the ACM",
  year         = "1981",
  volume       = "24",
  number       = "2",
  pages        = "84-88",
}

@InProceedings{CHvS07:TRE,
  author       = "Chalkias, Konstantinos and Hristu-Varsakelis,
                  Dimitrios and Stephanides, George",
  title        = "Improved Anonymous Timed-Release Encryption",
  crossref     = "ESORICS2007",
  pages        = "311-326",
}

@InProceedings{CDHKS00:AONT,
  author       = " Canetti, Ran and Dodis, Yevgeniy and Halevi, Shai and
                  Kushilevitz, Eyal and Sahai, Amit ",
  title        = "Exposure-Resilient Functions and All-or-Nothing Transforms",
  crossref     = "EUROCRYPT2000",
  pages        = "453-469",
}

@inproceedings{CDS94,
  author =       "R.~Cramer and I.~Damg{\aa}rd and B.~Schoenmakers",
  title =        "Proofs of Partial Knowledge and Simplified Design of Witness Hiding Protocols",
  crossref  =    "CRYPTO94",
  pages =        "174--187",
}

@InProceedings{CLQ05:TRE,
  author       = "Cathalo, Julien and Libert, Beno{\^i}t and Quisquater,
                  Jean-Jacques",
  title        = "Efficient and Non-interactive Timed-Release Encryption",
  crossref     = "ICICS2005",
  pages        = "291-303",
}

@InProceedings{CL05:Onion,
  author       = "Camenisch, Jan and Lysyanskaya, Anna",
  title        = "A Formal Treatment of Onion Routing",
  crossref     = "CRYPTO2005",
  pages        = "169-187",
}

@inproceedings{Fis05:OnlineExt,
  author = {M.~Fischlin},
  title = {Communication-Efficient Non-Interactive Proofs of Knowledge with Online Extractor},
  pages = {152--168},
  crossref     = "CRYPTO2005",
}

@InProceedings{Bla79:SS,
  author       = "Blakley, George R.",
  title        = "Safeguarding Cryptographic Keys",
  booktitle    = "Proc. of the AFIPS 1979 National Computer Conference
                  --- {NCC}~'79",
  year         = "1979",
  pages        = "313-317",
}

@InProceedings{CB05:TRE,
  author       = "Chan, Aldar C.-F. and Blake, Ian F.",
  title        = "Scalable, Server-Passive, User-Anonymous Timed Release
                  Cryptography",
  crossref     = "ICDCS2005",
  pages        = "504-513",
  note         = "The full version is available at \url{http://eprint.iacr.org/2004/211}",
}

@InProceedings{ArP03:CLE,
  author       = "Al-Riyami, Sattam S. and Paterson, Kenneth G.",
  title        = "Certificateless Public Key Cryptography",
  crossref     = "ASIACRYPT2003",
  pages        = "452-473",
}

@InProceedings{ABDcV98:Cascade3,
  author       = "Aiello, William and Bellare, Mihir and Di Crescenzo,
                  Giovanni and Venkatesan, Ramarathnam ",
  title        = "Security Amplification by Composition: The Case of
                  Doubly-Iterated, Ideal Ciphers",
  crossref     = "CRYPTO98",
  pages        = "390-407",
}

@Article{Sha79:SS,
  author       = "Shamir, Adi",
  title        = "How to Share a Secret",
  journal      = "Communications of the ACM",
  year         = "1979",
  volume       = "22",
  number       = "11",
  pages        = "612-613",
}

@InProceedings{Riv97:AONT,
  author       = "Rivest, Ronald L.",
  title        = "All-or-Nothing Encryption and the Package Transform",
  crossref     = "FSE97",
  pages        = "210-218",
}

@InProceedings{RS91:CCA,
  author       = "Rackoff, Charles and Simon, Daniel R.",
  title        = "Non-Interactive Zero-Knowledge Proof of Knowledge and
                  Chosen Ciphertext Attack",
  crossref     = "CRYPTO91",
  pages        = "434-444",
}

@Misc{Zha09,
  author       = "Zhang, Rui",
  howpublished = "Private communication",
  month        = "August",
  year         = "2009",
  note         = "2009-08-05",
}

@InProceedings{ZHSI04:ME,
  author       = "Zhang, Rui and Hanaoka, Goichiro and Shikata, Junji
                  and Imai, Hideki",
  title        = "On the Security of Multiple Encryption or {CCA}-security+{CCA}-security={CCA}-security?",
  crossref     = "PKC2004",
  pages        = "360-374",
  note         = "The full version is available at \url{http://eprint.iacr.org/2003/181}",
}

@InProceedings{CY08:TRE,
  author       = "Chow, Sherman S. M. and Yiu, S. M.",
  title        = "Timed-Release Encryption Revisited",
  crossref     = "Provsec2008",
  pages        = "38-51",
}

@InProceedings{SPS11:LatticeCNM,
  author       = "Sepahi, Reza and Pieprzyk, Josef and Steinfeld, Ron",
  title        = "Lattice-Based Completely Non-Malleable {PKE} in
                  Standard Model (Poster)",
  crossref     = "ACISP2011",
  pages        = "407-411",
}

@inproceedings{AABN02,
  author       = "Abdalla, Michel and An, Jee Hea and Bellare, Mihir and
                  Namprempre, Chanathip",
  title        = "From Identification to Signatures via the
                  {Fiat}-{Shamir} Transform: Minimizing Assumptions for
                  Security and Forward-Security",
  pages        = "418-433",
  crossref     = "EUROCRYPT2002",
}

@article{AABN08,
  author       = "Abdalla, Michel and An, Jee Hea and Bellare, Mihir and
                  Namprempre, Chanathip",
  title        = "From Identification to Signatures via the
                  {Fiat}-{Shamir} Transform: Necessary and Sufficient
                  Conditions for Security and Forward-Security",
  journal      = "IEEE Transactions on Information Theory",
  volume       = "54",
  number       = "8",
  year         = "2008",
  pages        = "3631-3646",
}

@Misc{AB09L,
  author       = "Agrawal, Shweta and Boyen, Xavier",
  title        = "Identity-Based Encryption from Lattices in the
                  Standard Model",
  howpublished = "Manuscript",
  month        = "July",
  year         = "2009",
  note         = "Available at \url{http://www.cs.stanford.edu/~xb/ab09/}",
}

@Misc{AB09L,
  author       = "Agrawal, Shweta and Boyen, Xavier",
  title        = "Identity-Based Encryption from Lattices in the
                  Standard Model",
  howpublished = "Manuscript",
  month        = "July",
  year         = "2009",
  note         = "Available at \url{http://www.cs.stanford.edu/~xb/ab09/}",
}

@inproceedings{ABB10cryp,
  author       = "Agrawal, Shweta and Boneh, Dan and Boyen, Xavier",
  title        = "Lattice Basis Delegation in Fixed Dimension and
                  Shorter-Ciphertext Hierarchical {IBE}",
  pages        = "98-115",
  crossref     = "CRYPTO2010",
}

@inproceedings{ABB10euro,
  author       = "Agrawal, Shweta and Boneh, Dan and Boyen, Xavier",
  title        = "Efficient Lattice {(H)IBE} in the Standard Model",
  pages        = "553-572",
  crossref     = "EUROCRYPT2010",
}

@inproceedings{ABH09PRE,
  author       = "Ateniese, Giuseppe and Benson, Karyn and Hohenberger,
                  Susan",
  title        = "Key-Private Proxy Re-encryption",
  pages        = "279-294",
  crossref     = "CTRSA2009",
  note         = "The full version is available at \url{http://eprint.iacr.org/2008/463}",
}

@article{ABSS97,
  author       = "Arora, Sanjeev and Babai, L{\'a}szl{\'o} and Stern,
                  Jacques and Sweedyk, Z.",
  title        = "The Hardness of Approximate Optima in Lattices, Codes,
                  and Systems of Linear Equations",
  journal      = "Journal of Computer and System Sciences",
  volume       = "54",
  number       = "2",
  year         = "1997",
  pages        = "317-331",
}

@InProceedings{AC02,
  author       = "Adcock, Mark and Cleve, Richard",
  title        = "A Quantum {Goldreich}-{Levin} Theorem with
                  Cryptographic Applications",
  pages        = "323-334",
  crossref     = "STACS2002",
  note         = "[arXiv:quant-ph/0108095]"
}

@InProceedings{ACG08,
  author       = "Aguilar Melchor, Carlos and Cayrel, Pierre-Louis and
                  Gaborit, Philippe",
  title        = "A New Efficient Threshold Ring Signature Scheme Based
                  on Coding Theory",
  pages        = "1-16",
  crossref     = "PQCRYPTO2008",
}

@inproceedings{ACPS09:KDM,
  author       = "Applebaum, Benny and Cash, David and Peikert, Chris
                  and Sahai, Amit",
  title        = "Fast Cryptographic Primitives and Circular-Secure
                  Encryption Based on Hard Learning Problems",
  pages        = "595-618",
  crossref     = "CRYPTO2009",
}

@article{AD07,
  author       = "Ajtai, Mikl{\'o}s and Dwork, Cynthia",
  title        = "The First and Fourth Public-Key Cryptosystems with
                  Worst-Case/Average-Case Equivalence",
  journal      = ECCC,
  volume       = "14",
  number       = "097",
  year         = "2007",
}

@article{AD96,
  author       = "Ajtai, Mikl{\'o}s and Dwork, Cynthia",
  title        = "A Public-Key Cryptosystem with Worst-Case/Average-Case
                  Equivalence",
  journal      = ECCC,
  volume       = "3",
  number       = "065",
  year         = "1996",
}

@inproceedings{AD97,
  author       = "Ajtai, Mikl{\'o}s and Dwork, Cynthia",
  title        = "A Public-Key Cryptosystem with Worst-Case/Average-Case
                  Equivalence",
  pages        = "284-293",
  crossref     = "STOC97",
  note         = "See also ECCC TR96-065",
}

@article{AEVZ02,
  author       = "Agrell, Erik and Eriksson, Thomas and Vardy, Alexander
                  and Zeger, Kenneth",
  title        = "Closest Point Search in Lattices",
  journal      = "IEEE Transactions on Information Theory",
  volume       = "48",
  number       = "8",
  year         = "2002",
  pages        = "2201-2214",
}

@inproceedings{AFGH05,
  author       = "Ateniese, Giuseppe and Fu, Kevin and Green, Matthew
                  and Hohenberger, Susan",
  title        = "Improved proxy re-encryption schemes with applications
                  to secure distributed storage",
  pages        = "29-43",
  crossref     = "NDSS2005",
}

@Article{AFGH06PRE,
  author       = "Ateniese, Giuseppe and Fu, Kevin and Green, Matthew
                  and Hohenberger, Susan",
  title        = "Improved proxy re-encryption schemes with applications
                  to secure distributed storage",
  journal      = "ACM Transactions on Information and System Security (TISSEC)",
  year         = "2006",
  volume       = "9",
  number       = "1",
  pages        = "1-30",
  month        = "February",
  annote       = "Preliminary version in {\em NDSS 2005}, 2005",
}

@InProceedings{AG07,
  author       = "Aguilar Melchor, Carlos and Gaborit, Philippe",
  title        = "A Lattice-Based Computationally-Efficient Private
                  Information Retrieval Protocol",
  pages        = "50-54",
  booktitle    = "WEWoRC 2007 -- Western European Workshop on Research
                  in Cryptology",
  year         = "2007",
  month        = "July",
  address      = "Ruhr-University Bochum, Germany",
  note         = "\url{http://eprint.iacr.org/2007/446}",
}

@Article{Abe04:SS-ElG,
  author =   {M.~Abe},
  title =    {Combining Encryption and Proof of Knowledge in the Random Oracle Model},
  journal =    {The Computer Journal},
  year =   {2004},
  volume =   {47},
  number =   {1},
  pages =    {58--70},
  note =   {(Presented in CT-RSA 2002, LNCS 2271)}
}

@Article{AGK07:TagKEM,
  author       = "Abe, Masayuki and Gennaro, Rosario and Kurosawa, Kaoru",
  title        = "Tag-{KEM}/{DEM}: A New Framework for Hybrid Encryption",
  journal      = "Journal of Cryptology",
  year         = "2007",
  volume       = "21",
  number       = "1",
  pages        = "97-130",
  annote       = "Preliminary version is Abe, Gennaro, Kurosawa, and
                  Shoup ``Tag-KEM/DEM: A New Framework for Hybrid
                  Encryption and a New Analysis of Kurosawa-Desmedt
                  KEM'' in {\em EUROCRYPT 2005}, 2005",
}

@inproceedings{AGS03,
  author       = "Akavia, Adi and Goldwasser, Shafi and Safra, Shmuel",
  title        = "Proving Hard-Core Predicates Using List Decoding",
  pages        = "146-159",
  crossref     = "FOCS2003",
}

@inproceedings{AGV09,
  author       = "Akavia, Adi and Goldwasser, Shafi and Vaikuntanathan,
                  Vinod",
  title        = "Simultaneous Hardcore Bits and Cryptography against
                  Memory Attacks",
  pages        = "474-495",
  crossref     = "TCC2009",
}

@Misc{AHI10RKA,
  author       = "Applebaum, Benny and Harnik, Danny and Ishai, Yuval",
  title        = "Semantic Security Under Related-Key Attacks and Applications",
  year         = "2010",
  howpublished = "Cryptology ePrint Archive, Report 2010/544",
  url          = "http://eprint.iacr.org/2010/544",
  note         = "To appear ISC 2011."
}

@InProceedings{AKKV05GapCVPP,
  author       = "Alekhnovich, Mikhail and Khot, Subhash and Kindler,
                  Guy and Vishnoi, Nisheeth K.",
  title        = "Hardness of Approximating the Closest Vector Problem
                  with Pre-Processing",
  pages        = "216-225",
  crossref     = "FOCS2005",
}

@InProceedings{AKS01,
  author       = "Ajtai, Mikl{\'o}s and Kumar, S.-{Ravi} and Sivakumar,
                  D.",
  title        = "A sieve algorithm for the shortest lattice vector problem",
  pages        = "601-610",
  crossref     = "STOC2001",
}

@Misc{AMGH08Hom,
  author       = "Aguilar Melchor, Carlos and Gaborit, Philippe and
                  Herranz, Javier",
  title        = "Additive Homomorphic Encryption with $t$-Operand Multiplications",
  year         = "2008",
  howpublished = "Cryptology ePrint Archive, Report 2008/378",
  url          = "http://eprint.iacr.org/2008/378",
}

@InProceedings{AP08Ajt,
  author       = "Alwen, Jo{\"e}l and Peikert, Chris",
  title        = "Generating shorter bases for hard random lattices",
  pages        = "75-86",
  crossref     = "STACS2009",
}

@article{SHA92,
author = "Shamir, Adi",
title = "I{P}={PSPACE}",
journal = "Journal of the ACM",
volume = "39(4)",
year = "1992",
}

@article{GGM86:PRF,
author = "Goldreich, Odd and Goldwasser, Shafi and Micali, Silvio",
title = {How to Construct Random Functions},
journal = "Journal of the ACM",
volume = "33(4)",
pages  = "792-807",
year   = "1986",
}

@article{AR05,
  author       = "Aharonov, Dorit and Regev, Oded",
  title        = "Lattice problems in {NP} cap {coNP}",
  journal      = "Journal of the ACM",
  volume       = "52",
  number       = "5",
  year         = "2005",
  pages        = "749-765",
}

@inproceedings{AS09Preimage,
  author       = "Aoki, Kazumaro and Sasaki, Yu",
  title        = "Preimage Attacks on One-Block {MD4}, 63-Step {MD5} and
                  More ",
  pages        = "103-119",
  crossref     = "SAC2009",
}

@inproceedings{Ajt05,
  author       = "Ajtai, Mikl{\'o}s",
  title        = "Representing Hard Lattices with {$O(n \log n)$} bits",
  pages        = "94-103",
  crossref     = "STOC2005",
}

@Article{Ajt96a,
  author       = "Ajtai, Mikl{\'o}s",
  title        = "Generating Hard Instances of Lattice Problems",
  journal      = ECCC,
  volume       = "3",
  number       = "007",
  year         = "1996",
}

@Inproceedings{Ajt96b,
  author       = "Ajtai, Mikl{\'o}s",
  title        = "Generating Hard Instances of Lattice Problems
                  (Extended Abstract)",
  pages        = "99-108",
  crossref     = "STOC96",
  note         = "See also ECCC TR96-007"
}

@Article{Ajt97,
  author       = "Ajtai, Mikl{\'o}s",
  title        = "The Shortest Vector Problem in {$L_2$} is {NP}-hard
                  for Randomized Reductions",
  journal      = ECCC,
  volume       = "4",
  number       = "047",
  year         = "1997",
}

@Inproceedings{Ajt98,
  author       = "Ajtai, Mikl{\'o}s",
  title        = "The Shortest Vector Problem in {$L_2$} is {NP}-hard
                  for Randomized Reductions (Extended Abstract)",
  pages        = "10-19",
  crossref     = "STOC98",
  note         = "See also ECCC TR97-047",
}

@Inproceedings{Ajt99,
  author       = "Ajtai, Mikl{\'o}s",
  title        = "Generating Hard Instances of the Short Basis Problem",
  pages        = "1-9",
  crossref     = "ICALP99",
}

@InProceedings{Alek03,
  author       = "Alekhnovich, Michael",
  title        = "More on average case vs approximation complexity",
  pages        = "298-307",
  crossref     = "FOCS2003",
}

@Misc{Arn02:CTRU,
  author       = "Arnault, Fran{\c{c}}ois",
  title        = "Cryptanalyse de {CTRU}",
  month        = "December",
  year         = "2002",
  note         = "See \url{http://www.unilim.fr/laco/seminaires/ACC/archives03.html}",
}

@InProceedings{BB04:Sig,
  author = "D. Boneh and X. Boyen",
  title = "Short signatures without random oracles",
  pages =    {56--73},
  crossref     = "EUROCRYPT2004",
}

@InProceedings{BB04:IBEeuro,
  author       = "Boneh, Dan and Boyen, Xavier",
  title        = "Efficient Selective-{ID} Secure Identity Based
                  Encryption Without Random Oracles",
  pages        = "223-238",
  crossref     = "EUROCRYPT2004",
}

@article{BB11:IBE,
  author    = {Dan Boneh and
               Xavier Boyen},
  title     = {Efficient Selective Identity-Based Encryption Without Random
               Oracles},
  journal   = JOC,
  volume    = {24},
  number    = {4},
  year      = {2011},
  pages     = {659-693},
}

@InProceedings{BB04:IBEcrypto,
  author       = "Boneh, Dan and Boyen, Xavier",
  title        = "Secure Identity Based Encrypton Without Random Oracles",
  pages        = "443-459",
  crossref     = "CRYPTO2004",
}

@Misc{BB09L,
  author       = "Boneh, Dan and Boyen, Xavier",
  title        = "Efficient Lattice {(H)IBE} in the Standard Model from
                  the {BB}-1 Framework",
  howpublished = "Oral Presentation",
  month        = "August",
  year         = "2009",
  note         = "The slides are available at \url{http://rump2009.cr.yp.to/}",
}

@Book{BBD08PQC,
  editor       = "Bernstein, Daniel J. and Buchmann, Johannes and Dahmen,
                  Erik",
  title        = "Post-Quantum Cryptography",
  publisher    = springer,
  year         = "2008",
}

@inproceedings{BBP04RO-IBE,
  author       = "Bellare, Mihir and Boldyreva, Alexandra and Palacio, Adriana",
  title        = "An Uninstantiable Random-Oracle-Model Scheme for a
                  Hybrid-Encryption Problem",
  pages        = "171-188",
  crossref     = "CRYPTO2004",
}

@InProceedings{BBS98,
  author       = "Blaze, Matt and Bleumer, Gerrit and Strauss, Martin",
  title        = "Divertible Protocols and Atomic Proxy Cryptography",
  pages        = "127-144",
  crossref     = "EUROCRYPT98",
}

@InProceedings{BC10,
  author       = "Bellare, Mihir and Cash, David",
  title        = "Pseudorandom Functions and Permutations Provably
                  Secure Against Related-Key Attacks",
  pages        = "666-684",
  crossref     = "CRYPTO2010",
}

@article{BCC88,
  author       = "Brassard, Gilles and Chaum, David and Cr{\'e}peau, Claude",
  title        = "Minimum disclosure proofs of knowledge",
  journal      = "Journal of Computer and System Sciences (JCSS)",
  volume       = "37",
  number       = "2",
  month        = "October",
  year         = "1988",
  pages        = "156-189",
  notes        = "Selected Papers of FOCS 1986",
  memo         = "Chameleon Commitments",
}

@InProceedings{BCESW01:NTRU,
  author       = "Bailey, Daniel V. and Coffin, Daniel and Elbirt, Adam
                  and Silverman, Joseph H. and Woodbury, Adam D.",
  title        = "{NTRU} in Constrained Devices",
  pages        = "262-272",
  crossref     = "CHES2001",
}

@Unpublished{BCGO08,
  author       = "Berger, Thierry P. and Cayrel, Pierre-Louis and
                  Gaborit, Philippe and Otmani, Ayoub",
  title        = "Reducing Key Length of the McEliece Cryptosystem",
  note         = "Available at Gaborit's Web Site",
  year         = "2008",
}

@article{BCHK06:IBE2PKE,
  author       = "Boneh, Dan and Canetti, Ran and Halevi, Shai and Katz,
                  Jonathan",
  title        = "Chosen-Ciphertext Security from Identity-Based Encryption",
  journal      = "SIAM Journal on Computing",
  volume       = "36",
  number       = "5",
  pages        = "1301--1328",
  month        = "12",
  year         = "2006",
}

@inproceedings{BK05,
  author    = {Dan Boneh and
               Jonathan Katz},
  title     = {Improved Efficiency for CCA-Secure Cryptosystems Built Using
               Identity-Based Encryption},
  booktitle = {CT-RSA},
  year      = {2005},
  pages     = {87-103},
}



@inproceedings{BDJR97,
  author       = "Bellare, Mihir and Desai, Anand and Jokipii, Eric and
                  Rogaway, Phillip",
  title        = "A concrete security treatment of symmetric encryption",
  pages        = "394-403",
  crossref     = "FOCS97",
}

@InProceedings{BDL08NTRU,
  author       = "Buchmann, Johannes and D{\"o}ring, Martin and Lindner,
                  Richard",
  title        = "Efficiency Improvement for {NTRU}",
  pages        = "163-178",
  crossref     = "Sicherheit2008",
}

@inproceedings{BDPR98:Relations,
  author       = "Bellare, Mihir and Desai, Anand and Pointcheval, David
                  and Rogaway, Phillip",
  title        = "Relations among Notions of Security for Public-Key
                  Encryption Scheme",
  pages        = "26-45",
  crossref     = "CRYPTO98",
}

@InBook{BDS08PQC,
  author       = "Buchmann, Johannes and Dahmen, Erik and Szydlo, Michael",
  title        = "Post-Quantum Cryptography",
  publisher    = springer,
  chapter      = "Hash-based Digital Signature Schemes",
  year         = "2008",
  pages        = "35-93",
  doi          = "http://dx.doi.org/10.1007/978-3-540-88702-7_3",
}

@article{BF03:IBE,
  author       = "Boneh, Dan and Franklin, Matthew K.",
  title        = "Identity-Based Encryption from the {Weil} Pairing",
  journal      = "SIAM Journal on Computing",
  volume       = "32",
  number       = "3",
  year         = "2003",
  pages        = "584-615",
  note         = "Preliminary version in {\em CRYPTO 2001}, 2001",
}

@InProceedings{BF10:CNM,
  author       = "Barbosa, Manuel and Farshim, Pooya",
  title        = "Relations among Notions of Complete Non-malleability:
                  Indistinguishability Characterisation and Efficient
                  Construction without Random Oracles",
  crossref     = "ACISP2010",
  pages        = "145-163",
}

@inproceedings{BFKL93,
  author       = "Blum, Avrim. and Furst, Merrick L. and Kearns, Michale
                  J. and Lipton, Richard J.",
  title        = "Cryptographic Primitives Based on Hard Learning Problems",
  pages        = "278-291",
  crossref     = "CRYPTO93",
}


@InProceedings{BGKW89,
  author       = "Ben-Or, Michael and Goldwasser, Shafi and Kilian, Joe
                  and Wigderson, Avi",
  title        = "Efficient Identification Schemes Using Two Prover
                  Interactive Proofs",
  pages        = "498-506",
  crossref     = "CRYPTO89",
}

@article{BGM92,
  author       = "Blake, Ian F. and Gao, Shuhong. and Mullin, Ronald C.",
  title        = "Explicit Factorization of $x^{2^k} + 1$ over {$F_p$}
                  with Prime $p \equiv 3 \bmod 4$",
  journal      = "Applicable Algebra in Engineering, Communication and Computing",
  year         = "1993",
  volume       = "4",
  pages        = "89-94",
}


@inproceedings{BHHO08:KDM,
  author       = "Boneh, Dan and Halevi, Shai and Hamburg, Mike and
                  Ostrovsky, Rafail",
  title        = "Circular-Secure Encryption from Decision Diffie-Hellman",
  pages        = "108-125",
  crossref     = "CRYPTO2008",
}

@Misc{BHK09,
  author       = "Bellare, Mihir and Hofheinz, Dennis and Kiltz, Eike",
  title        = "Subtleties in the Definition of {IND-CCA}: When and
                  How Should Challenge-Decryption be Disallowed?",
  year         = "2009",
  howpublished = "Cryptology ePrint Archive, Report 2009/418",
  url          = "http://eprint.iacr.org/2009/418",
}

@InProceedings{BK03:RKA,
  author       = "Bellare, Mihir and Kohno, Tadayoshi",
  title        = "A Theoretical Treatment of Related-Key Attacks:
                  {RKA-PRPs}, {RKA-PRFs}, and Applications",
  pages        = "491-506",
  crossref     = "EUROCRYPT2003",
}

@Misc{BL09density,
  author       = "Buchmann, Johannes and Lindner, Richard",
  title        = "Density of Ideal Lattices (Extended Abstract)",
  year         = "2009",
  howpublished = "WEWoRC 2009",
  note         = "Available at \url{http://2009.weworc.org/accepted_talks.html}",
}

@inproceedings{BMS03,
  author       = "Boneh, Dan and Mironov, Ilya and Shoup, Victor",
  title        = "A Secure Signature Scheme from Bilinear Maps",
  pages        = "98-110",
  crossref     = "CTRSA2003",
}

@article{BMT78,
  author       = "Berlekamp, Elwyn R. and McEliece, Robert J. and van
                  Tilborg, Henk C. A.",
  title        = "On the Inherent Intractability of Certain Coding Problems",
  journal      = "IEEE Transactions on Information Theory",
  number       = "3",
  volume       = "24",
  month        = "MAY",
  year         = "1978",
  pages        = "384-386"
}

@article{BN90,
  author       = "Bruck, J. and Naor, Moni",
  title        = "The hardness of decoding linear codes with preprocessing",
  journal      = "IEEE Transactions on Information Theory",
  number       = "2",
  volume       = "36",
  month        = "March",
  year         = "1990",
  pages        = "381-385",
}

@InProceedings{BNN04,
  author       = "Bellare, Mihir and Namprempre, Chanathip and Neven,Gregory",
  title        = "Security proofs for identity-based identification and
                  signature schemes",
  pages        = "268-286",
  crossref     = "EUROCRYPT2004",
}

@article{BNN09,
  author       = "Bellare, Mihir and Namprempre, Chanathip and Neven,Gregory",
  title        = "Security proofs for identity-based identification and
                  signature schemes",
  journal      = "Journal of Cryptology",
  number       = "1",
  volume       = "22",
  month        = "January",
  year         = "2009",
  pages        = "1-61",
}

@inproceedings{BP02,
  author       = "Bellare, Mihir and Palacio, Adriana",
  title        = "{GQ} and {Schnorr} Identification Schemes: Proofs of
                  Security against Impersonation under Active and
                  Concurrent Attacks",
  pages        = "162-177",
  crossref     = "CRYPTO2002",
}

@inproceedings{BP04,
  author       = "Bellare, Mihir and Palacio, Adriana",
  title        = "Towards Plaintext-Aware Public-Key Encryption -
                  without Random Oracles",
  pages        = "48-62",
  crossref     = "ASIACRYPT2004",
}

@inproceedings{BR93:ROM,
  author       = "Bellare, Mihir and Rogaway, Phillip",
  title        = "Random Oracle are Practical: A Paradigm for Designing
                  Efficient Protocols",
  pages        = "62-73",
  crossref     = "CCS93",
}

@inproceedings{BR94:OAEP,
  author       = "Bellare, Mihir and Rogaway, Phillip",
  title        = "Optimal Asymmetric Encryption",
  pages        = "92-111",
  crossref     = "EUROCRYPT94",
}

@inproceedings{BR96:PSS,
  author       = "Bellare, Mihir and Rogaway, Phillip",
  title        = "The Exact Security of Digital Signatures -- How to
                  Sign with {RSA} and {Rabin}.",
  pages        = "399-416",
  crossref     = "EUROCRYPT96",
}

@InProceedings{BS02,
  author       = "Banks, William D. and Shparlinski, Igor",
  title        = "A variant of {NTRU} with Non-invertible Polynomials",
  pages        = "62-70",
  crossref     = "INDOCRYPT2002",
}

@Article{BS08TTS,
  author       = "Bellare, Mihir and Shoup, Sarah",
  title        = "Two-tier signatures from the {Fiat}-{Shamir} transform,
                  with applications to strongly unforgeable and one-time
                  signatures",
  journal      = "IET Information Security",
  year         = "2008",
  volume       = "2",
  number       = "2",
  pages        = "47-63",
  annote       = "Preliminary version in {\em PKC 2007}, 2007",
}

@inproceedings{BSW06,
  author       = "Boneh, Dan and Shen, Emily and Waters, Brent",
  title        = "Strongly Unforgeable Signatures Based on Computational
                  {Diffie}-{Hellman}",
  pages        = "229-240",
  crossref     = "PKC2006",
}

@article{Babai86,
  author       = "Babai, L{\'a}szl{\'o}",
  title        = "On Lov{\'a}sz' lattice reduction and the nearest
                  lattice point problem",
  journal      = "Combinatorica",
  volume       = "6",
  number       = "1",
  year         = "1986",
  pages        = "1-13",
}

@article{Ban93new,
  author       = "Banaszczyk, Wojciech ",
  title        = "New bounds in some transference theorems in the
                  geometry of numbers",
  journal      = "Mathematische Annalen",
  number       = "296",
  volume       = "4",
  year         = "1993",
  pages        = "625-635",
}

@article{Ban95ineq,
  author       = "Banaszczyk, Wojciech ",
  title        = "Inequalites for Convex Bodies and Polar Reciprocal
                  Lattices in $\mathbb{R}^n$",
  journal      = "Discrete \& Computational Geometry",
  volume       = "13",
  year         = "1995",
  pages        = "217-231",
}

@inproceedings{Bea96:ECom,
  author    = {Donald Beaver},
  title     = {Adaptive Zero Knowledge and Computational Equivocation (Extended
               Abstract)},
  crossref  = "STOC96",
  pages     = {629-638},
  memo      = "Equivocable commitment",
}

@InProceedings{Bea97:NCE,
  author       = "Beaver, Donald",
  title        = "Plug and Play Encryption",
  crossref     = "CRYPTO97",
  pages        = "75-89",
}

@inproceedings{Biham93,
  author       = "Biham, Eli",
  title        = "New Types of Cryptanalytic Attacks Using Related Keys",
  pages        = "398-409",
  crossref     = "EUROCRYPT93",
}

@article{Biham94,
  author       = "Biham, Eli",
  title        = "New Types of Cryptanalytic Attacks Using Related Keys",
  journal      = "Journal of Cryptology",
  volume       = "7",
  number       = "4",
  year         = "1994",
  pages        = "229-246",
  note         = "Preliminary version in {\em EUROCRYPT 1993}, 1993",
}

@Misc{Blum06Lect03,
  author       = "Blum, Manuel",
  title        = "Introduction to Theoretical Cryptography -- {Lect. 03.}
                  (More on Zero-Knowledge: Subset Sum)",
  month        = "January",
  year         = "2006",
  note         = "Available at \url{http://www.cs.cmu.edu/~ryanw/crypto/}",
}

@InProceedings{BwM99:KSA,
  author       = "Blake-Wilson, Simon and Menezes, Alfred",
  title        = "Unknown Key-Share Attacks on the Station-to-Station
                  ({STS}) Protocol",
  crossref     = "PKC99",
  pages        = "154-170",
}

@inproceedings{CC98,
  author       = "Cai, {Jin}-{Yi} and Cusick, Thomas W.",
  title        = "A Lattice-Based Public-Key Cryptosystem.",
  pages        = "219-233",
  crossref     = "SAC98"
}

@article{CC99,
  author       = "Cai, {Jin}-{Yi} and Cusick, Thomas W.",
  title        = "A lattice-based public-key cryptosystem",
  journal      = "Information and Computation",
  volume       = "151",
  number       = "1-2",
  year         = "1999",
  pages        = "17-31",
}

@inproceedings{CDMW08:NME,
  author    = {Seung Geol Choi and
               Dana Dachman-Soled and
               Tal Malkin and
               Hoeteck Wee},
  title     = {Black-Box Construction of a Non-malleable Encryption Scheme
               from Any Semantically Secure One},
  pages     = {427-444},
  crossref  = "TCC2008",
}

@InProceedings{CDMW09:NCE,
  author       = "Choi, Seung and Dachman-Soled, Dana and Malkin, Tal
                  and Wee, Hoeteck",
  title        = "Improved Non-committing Encryption with Applications
                  to Adaptively Secure Protocols",
  crossref     = "CRYPTO2009",
  pages        = "287-302",
}

@InProceedings{CDMW09:UC,
  author       = "Choi, Seung and Dachman-Soled, Dana and Malkin, Tal
                  and Wee, Hoeteck",
  title        = "Simple, Black-Box Constructions of Adaptively Secure Protocols",
  crossref     = "TCC2009",
  pages        = "387-402",
}

@inproceedings{CF01:UCCom,
  author       = "Canetti, Ran and Fischlin, Marc",
  title        = "Universally Composable Commitments",
  crossref     = "CRYPTO2001",
  pages        = "19--40",
  url          = {http://eprint.iacr.org/2001/055},
}

@InProceedings{CFGN96:NCE,
  author       = " Canetti, Ran Feige, Uri Goldreich, Oded Naor, Moni",
  title        = "Adaptively secure multi-party computation",
  crossref     = "STOC96",
  pages        = "639-648",
  note         = "See also MIT LCS TR 682",
}

@inproceedings{CFS01McElieceSig,
  author       = "Courtois, Nicolas and Finiasz, Matthieu and Sendrier,
                  Nicolas",
  title        = "How to achieve a {McEliece}-based Digital Signature Scheme",
  pages        = "157-174",
  crossref     = "ASIACRYPT2001",
}

@InProceedings{CG05MaTRU,
  author       = "Coglianese, Michael and Goi, Bok-Min",
  title        = "{MaTRU}: A New {NTRU}-Based Cryptosystem",
  pages        = "232-243",
  crossref     = "INDOCRYPT2005",
}

@InProceedings{CGG07,
  author       = "Cayrel, Pierre-Louis and Gaborit, Philippe and Girault,
                  Marc",
  title        = "Identity-Based Identification and Signature Scheme
                  Using Correcting Codes",
  crossref     = "WCC2007",
}

@Misc{CGGG09,
  author       = "Cayrel, Pierre-Louis and Gaborit, Philippe and Galindo
                  David and Girault, Marc",
  title        = "Improved Identity-Based Identification Using
                  Correcting Codes",
  year         = "2009",
  howpublished = "[arXiv:09030069]",
  note         = "Available at \url{http://arxiv.org/abs/0903.0069}",
}

@article{CGH04,
  author       = "Canetti, Ran and Goldreich, Oded and Halevi, Shai",
  title        = "The Random Oracle Methodology, Revisited",
  journal      = "Journal of the ACM",
  volume       = "51",
  number       = "4",
  year         = "2004",
  pages        = "557-594",
  note         = "Preliminary version in {\em STOC '98}, 1998",
}

@inproceedings{CGH98,
  author       = "Canetti, Ran and Goldreich, Oded and Halevi, Shai",
  title        = "The Random Oracle Methodology, Revisited",
  pages        = "209-218",
  crossref     = "STOC98",
}

@inproceedings{Can97:POWF,
  author =   {R.~Canetti},
  title =    {Towards realizing random oracles: hash functions that hide all partial information},
  pages =        {455--469},
  crossref =     {CRYPTO97},
}

@inproceedings{CMR98:POWF,
  author =   {Ran Canetti and Daniele Micciancio and Omer
                  Reingold},
  title =  {Perfectly One-Way Probabilistic Hash Functions},
  pages =  {131--140},
  crossref     = "STOC98",
}

@inproceedings{CH07PRE,
  author       = "Canetti, Ran and Hohenberger, Susan",
  title        = "Chosen-ciphertext secure proxy re-encryption",
  pages        = "185-194",
  crossref     = "CCS2007",
}

@inproceedings{CHJPPT02GEM,
  author       = "Coron, Jean-S{\'e}bastien and Handschuh, Helena and
                  Joye, Marc and Paillier, Pascal and Pointcheval, David
                  and Tymen, Christophe",
  title        = "GEM: A {G}eneric Chosen-Ciphertext Secure {E}ncryption
                  {M}ethod",
  pages        = "175-184",
  crossref     = "CTRSA2002",
}

@Misc{CHK09:Lattice,
  author       = "Cash, David and Hofheinz, Dennis and Kiltz, Eike",
  title        = "How to Delegate a Lattice Basis",
  year         = "2009",
  howpublished = "Cryptology ePrint Archive, Report 2009/351",
  note         = "To appear in {\em EUROCRYPT 2010} as Cash, Hofheinz,
                  Kiltz, and Peikert ``Bonsai Trees, or How to Delegate
                  a Lattice Basis.''",
  url          = "http://eprint.iacr.org/2009/351",
}

@inproceedings{CHKP10:Bonsai,
  author       = "Cash, David and Hofheinz, Dennis and Kiltz, Eike and
                  Peikert, Chris",
  title        = "Bonsai Trees, or How to Delegate a Lattice Basis",
  pages        = "523-552",
  crossref     = "EUROCRYPT2010",
}

@article{CJLOSS92,
  author       = "Coster, Matthijs J. and Joux, Antoine and {LaMacchia},
                  Brian A. and Odlyzko, Andrew M. and Schnorr,
                  Claus-Peter and Stern, Jacques",
  title        = "Improved Low-Density Subset Sum Algorithms",
  journal      = "Computational Complexity",
  volume       = "2",
  year         = "1992",
  pages        = "111-128",
}

@inproceedings{CLOS02:UC,
  author       = "Canetti, Ran and Lindell, Yehuda and Ostrovsky, Rafail
                  and Sahai, Amit",
  title        = "Universally composable two-party and multi-party
                  secure computation",
  pages        = "494-503",
  crossref     = "STOC2002",
  note         = "The full version is available at {\tt http://eprint.iacr.org/2002/140}",
}

@inproceedings{CM99,
  author       = "Camenisch, Jan and Micheles, Markus",
  title        = "Proving in Zero-Knowledge that a Number Is the Product
                  of Two Safe Primes",
  pages        = "107-122",
  crossref     = "EUROCRYPT99",
}

@inproceedings{CN97,
  author       = "Cai, {J}in-{Y}i and Nerurkar, Ajay",
  title        = "An Improved Worst-Case to Average-Case Connection for
                  Lattice Problems",
  pages        = "468-477",
  crossref     = "FOCS97"
}

@Article{CR88,
  author       = "Chor, Benny and Rivest, Ronald L.",
  title        = "A knapsack-type public key cryptosystem based on
                  arithmetic in finite fields",
  journal      = "IEEE Transactions on Information Theory",
  volume       = "34",
  number       = "5",
  year         = "1988",
  pages        = "901-909",
}

@article{CS00Sig,
  author       = "Cramer, Ronald and Shoup, Victor",
  title        = "Signature Schemes Based on the Strong {RSA} Assumption",
  journal      = "ACM Transactions on Information and System Security",
  volume       = "3",
  number       = "3",
  year         = "2000",
  pages        = "161-185",
  note         = "Preliminary version in {\em 6th ACM CCS}, 1999.",
}

@inproceedings{CS02,
  author       = "Cramer, Ronald and Shoup, Victor",
  title        = "Universal Hash Proofs and a Paradigm for Adaptive
                  Chosen Ciphertext Secure Public-Key Encryption",
  pages        = "45-64",
  crossref     = "EUROCRYPT2002",
}

@Article{CS03Design,
  author       = "Cramer, Ronald and Shoup, Victor",
  title        = "Design and Analysis of Practical Public-Key Encryption
                  Schemes Secure against Adaptive Chosen Ciphertext Attack",
  journal      = "SIAM Journal on Computing",
  volume       = "33",
  number       = "1",
  year         = "2003",
  pages        = "167-226",
}

@InProceedings{CS97NTRU,
  author       = "Coppersmith, Don and Shamir, Adi",
  title        = "Lattice Attacks on {NTRU}",
  pages        = "52-61",
  crossref     = "EUROCRYPT97",
}

@inproceedings{CS98,
  author       = "Cramer, Ronald and Shoup, Victor",
  title        = "A Practical Public Key Cryptosystem Provably Secure
                  against Adaptive Chosen Ciphertext Attack",
  pages        = "13-25",
  crossref     = "CRYPTO98",
}

@inproceedings{CT07,
  author       = "Chu, Cheng-Kang and Tzeng, Wen-Guey",
  title        = "Identity-Based Proxy Re-encryption Without Random Oracles",
  pages        = "189-202",
  crossref     = "ISC2007",
}

@inproceedings{CWYD10,
  author       = "Chow, Sherman S.M. and Weng, Jian and Yang, Yanjiang
                  and Deng, Robert H.",
  title        = "Efficient Unidirectional Proxy Re-Encryption",
  pages        = "316-332",
  crossref     = "AFRICACRYPT2010",
}

@Article{CaCh98,
  author       = "Canteaut, Anne and Chabaud, Florent",
  title        = "A New Algorithm for Finding Minimum-Weight Words in a
                  Linear Code: Application to {McEliece}'s Cryptosystem
                  and to Narrow-Sense {BCH} Codes of Length $511$",
  journal      = "IEEE Transactions on Information Theory",
  volume       = "44",
  number       = "1",
  year         = "1998",
  pages        = "367-378",
}

@article{Cai03,
  author       = "Cai, {Jin}-{Yi}",
  title        = "A new transference theorem in the geometry of numbers
                  and new bounds for {Ajtai}'s connection factor",
  journal      = "Discrete Applied Mathematics",
  volume       = "126",
  number       = "1",
  year         = "2003",
  pages        = "9-31",
}

@article{Cai98,
  author       = "Cai, {Jin}-{Yi}",
  title        = "A new transference theorem and applications to
                  {Ajtai}'s connection factor",
  journal      = ECCC,
  volume       = "5",
  number       = "005",
  year         = "1998",
}

@article{Cai98uSVP,
  author       = "Cai, {Jin}-{Yi}",
  title        = "A Relation of Primal-Dual Lattices and the Complexity
                  of Shortest Lattice Vector Problem",
  journal      = "Theoretical Computer Science",
  volume       = "207",
  number       = "1",
  year         = "1998",
  pages        = "105-116",
}

@InProceedings{Cocks01IBE,
  author       = "Cocks, Clifford",
  title        = "An Identity Based Encryption Scheme Based on Quadratic
                  Residues",
  pages        = "360-363",
  crossref     = "IMA2001",
}

@inproceedings{Coron00FDH,
  author       = "Coron, Jean-S{\'e}bastien",
  title        = "On the Exact Security of Full Domain Hash",
  pages        = "229-235",
  crossref     = "CRYPTO2000",
}

@inproceedings{Coron02,
  author       = "Coron, Jean-S{\'e}bastien",
  title        = "Optimal Security Proofs for {PSS} and Other Signature
                  Schemes",
  pages        = "272-287",
  crossref     = "EUROCRYPT2002",
}

@inproceedings{DBJ08Sig,
  author       = "Bernstein, Daniel J.",
  title        = "Proving Tight Security for {Rabin}-{Williams} Signatures",
  pages        = "70-87",
  crossref     = "EUROCRYPT2008",
}

@inproceedings{DDPY94,
  author       = "De Santis, Alfredo and Di Crescenzo, Giovanni and
                  Persiano, Giuseppe and Yung, Moti",
  title        = "On Monotone Formula Closure of {SZK}",
  pages        = "454-465",
  crossref     = "FOCS94",
}

@inproceedings{DDN91,
  author =       {D.~Dolev and C.~Dwork and M.~Naor},
  title =        {Non-malleable cryptography},
  crossref =     "STOC91",
  pages =        {542--552},
}

@article{DDN00,
  author =       {D.~Dolev and C.~Dwork and M.~Naor},
  title =        {Non-malleable cryptography},
  journal =      {SIAM. J. Computing},
  volume =       {30},
  number =       {2},
  pages =        {391--437},
  year =         {2000},
  note =   {(Presented in STOC'91)}
}


@InProceedings{DG03:UCCom,
  author       = "Damg{\aa}rd, Ivan and Groth, Jens",
  title        = "Non-interactive and reusable non-malleable commitment
                  schemes",
  crossref     = "STOC2003",
  pages        = "426-437",
}

@inproceedings{DGKPV10,
  author       = "Dodis, Yevgeniy and Goldwasser, Shafi and Kalai, Yael
                  and Peikert, Chris and Vaikuntanathan, Vinod",
  title        = "Public-Key Encryption Schemes with Auxiliary Inputs",
  pages        = "361-381",
  crossref     = "TCC2010",
}

@article{DH76Direction,
  author       = "Diffie, W. and Hellman, M. E.",
  title        = "New Directions in Cryptography",
  journal      = "IEEE Transactions on Information Theory",
  volume       = "22",
  month        = "November",
  year         = "1976",
  pages        = "644-654",
  annote       = "Preliminary version in {\em CRYPTO 2001}, 2001",
}

@InProceedings{DK05:ME,
  author       = "Dodis, Yevgeniy and Katz, Jonathan",
  title        = "Chosen-Ciphertext Security of Multiple Encryption",
  crossref     = "TCC2005",
  pages        = "188-209",
}

@inproceedings{DKL09AI,
  author       = "Dodis, Yevgeniy and Kalai, Yael Tauman and Lovett, Shachar",
  title        = "On cryptography with auxiliary input",
  year         = "2009",
  pages        = "621-630",
  crossref     = "STOC2009",
}

@InProceedings{DKNS04,
  author       = "Dodis, Yevgeniy and Kiayias, Aggelos and Nicolosi,
                  Antonio and Shoup, Victor",
  title        = "Anonymous Identification in {\em Ad Hoc} Groups",
  pages        = "609-626",
  crossref     = "EUROCRYPT2004",
}

@article{DKRS03,
  author       = "Dinur, Irit and Kindler, Guy and Raz, Ran and Safra, Shmuel",
  title        = "Approximating {CVP} to Within Almost-Polynomial
                  Factors is {NP}-Hard",
  journal      = "Combinatorica",
  volume       = "23",
  number       = "2",
  year         = "2003",
  pages        = "205-243",
  note         = "Preliminary version in {\em FOCS '98}, 1998",
}

@Misc{DL07,
  author       = "Ding, Jintai and Lindner, Richard",
  title        = "Identifying Ideal Lattices",
  year         = "2007",
  howpublished = "Cryptology ePrint Archive, Report 2007/322",
  url          = "http://eprint.iacr.org/2007/322",
}

@InProceedings{DL09:QCoinFlip,
  author       = "Damg{\aa}rd, Ivan and Lunemann, Carolin",
  title        = "Quantum-Secure Coin-Flipping and Applications",
  crossref     = "ASIACRYPT2009",
  pages        = "52-69",
}

@inproceedings{DLP08:CLE,
  author       = "Dent, Alexander W. and Libert, Beno{\^i}t and Paterson,
                  Kenneth G.",
  title        = "Certificateless Encryption Schemes Strongly Secure in
                  the Standard Model",
  pages        = "344-359",
  crossref     = "PKC2008",
  note         = "The full version is available at \url{http://eprint.iacr.org/2007/121}",
}

@inproceedings{DMQN09,
  author       = "Dowsley, Rafael and M{\"u}ller-Quade, J{\"o}rn and
                  Nascimento, Anderson C. A.",
  title        = "A {CCA2} Secure Public Key Encryption Scheme Based on
                  the {McEliece} Assumptions in the Standard Model",
  pages        = "240-251",
  crossref     = "CTRSA2009",
}

@InProceedings{DN00:NCE,
  author       = "Damg{\aa}rd, Ivan and Nielsen, Jesper Buus",
  title        = "Improved Non-Committing Encryption Schemes based on a
                  General Complexity Assumption",
  crossref     = "CRYPTO2000",
  pages        = "432-450",
}

@InProceedings{DN02:UCCom,
  author       = "Damg{\aa}rd, Ivan and Nielsen, Jesper Buus",
  title        = "Perfect Hiding and Perfect Binding Universally
                  Composable Commitment Schemes with Constant Expansion
                  Factor",
  crossref     = "CRYPTO2002",
  pages        = "581-596",
  note         = "The full version is available at {\tt http://www.brics.dk/RS/01/41/}",
}

@InProceedings{DNR04Imm,
  author       = "Dwork, Cynthia and Naor, Moni and Reingold, Omer",
  title        = "Immunizing Encryption Schemes from Decryption Errors",
  pages        = "342-360",
  crossref     = "EUROCRYPT2004",
}

@article{DORS08,
  author       = "Dodis, Yevgeniy and Ostrovsky, Rafail and Reyzin,
                  Leonid and Smith, Adam",
  title        = "Fuzzy Extractors: How to Generate Strong Keys from
                  Biometrics and Other Noisy Data",
  journal      = "SIAM Journal on Computing",
  volume       = "38",
  number       = "1",
  year         = "2008",
  pages        = "97-139",
  note         = "Preliminary version in {\em EUROCRYPT 2004}, 2004",
}

@inproceedings{DPP93,
  author       = "Damg{\aa}rd, Ivan B. and Pedersen, Torben P. and
                  Pfizmann, Birgit",
  title        = "On the Existence of Statistically Hiding Bit
                  Commitment Schemes and Fail-Stop Signatures",
  pages        = "250-265",
  crossref     = "CRYPTO93",
}

@article{DPP97,
  author       = "Damg{\aa}rd, Ivan B. and Pedersen, Torben P. and
                  Pfizmann, Birgit",
  title        = "On the Existence of Statistically Hiding Bit
                  Commitment Schemes and Fail-Stop Signatures",
  journal      = "Journal of Cryptology",
  volume       = "10",
  number       = "3",
  year         = "1997",
  pages        = "163-194",
  note         = "Preliminary version in {\em CRYPTO '93}, 1993",
}

@article{DPP98,
  author       = "Damg{\aa}rd, Ivan B. and Pedersen, Torben P. and
                  Pfizmann, Birgit",
  title        = "Statistical Secrecy and Multibit Commitments",
  journal      = "IEEE Transactions on Information Theory",
  volume       = "44",
  number       = "3",
  month        = "May",
  year         = "1998",
  pages        = "1143-1151",
}

@inproceedings{DT07:RevTREPC,
  author       = "Dent, Alexander W. and Tang, Qiang",
  title        = "Revisiting the Security Model for Timed-Release
                  Encryption with Pre-open Capability",
  pages        = "158-174",
  crossref     = "ISC2007",
  note         = "The full version is available at \url{http://eprint.iacr.org/2006/306}",
}

@inproceedings{DWLC08PRE,
  author       = "Deng, Robert H. and Weng, Jian and Liu, Shengli and
                  Chen, Kefei",
  title        = "Chosen-Ciphertext Secure Proxy Re-encryption without Pairings",
  pages        = "1-17",
  crossref     = "CANS2008",
}

@inproceedings{Dam88,
  author       = "Damg{\aa}rd, Ivan",
  title        = "On the Randomness of {Legendre} and {Jacobi} Sequences",
  pages        = "163-172",
  crossref     = "CRYPTO88",
}

@InProceedings{Dam89,
  author       = "Damg{\aa}rd, Ivan",
  title        = "A Design Principle for Hash Functions",
  pages        = "416-427",
  crossref     = "CRYPTO89",
}

@Article{Dav33,
  author       = "Davenport, H.",
  title        = "On the Distribution of Quadratic Residues $\pmod{p}$",
  journal      = "Journal London Mathematical Society",
  year         = "1933",
  volume       = "s1-8",
  number       = "1",
  pages        = "46-52",
  month        = "January",
}

@Article{Den08:CLEsurvey,
  author       = "Dent, Alexander W.",
  title        = "A survey of certificateless encryption schemes and
                  security models",
  journal      = "International Journal of Information Security (IJIS)",
  year         = "2008",
  volume       = "7",
  number       = "5",
  pages        = "349-377",
}

@Book{Devroye86,
  author       = "Devroye, Luc",
  title        = "Non-Uniform Random Variate Generation",
  publisher    = springer,
  year         = "1986",
}

@article{ElG85,
  author       = "{ElGamal}, Taher",
  title        = "A Public Key Cryptosystem and a Signature Scheme Based
                  on Discrete Logarithms",
  journal      = "IEEE Transaction on Information Theory",
  volume       = "31",
  number       = "4",
  year         = "1985",
  pages        = "469-472",
}

@article{FFS88,
  author       = "Feige, Uriel and Fiat, Amos and Shamir, Adi",
  title        = "Zero-Knowledge Proofs of Identity",
  journal      = "Journal of Cryptology",
  volume       = "1",
  number       = "2",
  year         = "1988",
  pages        = "77-94",
  note         = "Preliminary version in {\em STOC '87}, 1987",
}

@inproceedings{FGKRS10:LTF,
  author       = "Freeman, David Mandell and Goldreich, Oded and Kiltz,
                  Eike and Rosen, Alon and Segev, Gil",
  title        = "More Constructions of Lossy and Correlation-Secure
                  Trapdoor Functions",
  pages        = "279-295",
  crossref     = "PKC2010",
}

@inproceedings{FL07:Combiners,
  author       = "Fischlin, Marc and Lehmann, Anja",
  title        = "Security-Amplifying Combiners for Collision-Resistant
                  Hash Functions",
  pages        = "224-243",
  crossref     = "CRYPTO2007",
}


@inproceedings{FMR10:Imp,
  author       = "Faug{\`e}re, Jean-Charles and Marinier, Rapha{\"e}l
                  and Renault, Gu{\'e}na{\"e}l",
  title        = "Implicit factoring with shared most significant and
                  middle bits",
  pages        = "70-87",
  crossref     = "PKC2010",
}

@inproceedings{FLM11:UCCom,
  author    = {Marc Fischlin and
               Beno\^{\i}t Libert and
               Mark Manulis},
  title     = {Non-interactive and Re-usable Universally Composable String
               Commitments with Adaptive Security},
  pages     = {468-485},
  crossref  = "ASIACRYPT2011",
}


@inproceedings{FO99:PKC,
  author =       {E.~Fujisaki and T.~Okamoto},
  title =        {How to Enhance the Security of Public-Key Encryption at Minimum Cost},
  pages =        {53--68},
  crossref = "PKC99",
}

@article{FO00:FOa,
  author       = "Fujisaki, Eiichiro and Okamoto, Tatsuaki",
  title        = "How to Enhance the Security of Public-Key Encryption
                  at Minimum Cost",
  journal      = "IEICE transactions on fundamentals of electronics,
                  communications and computer sciences",
  publisher    = "IEICE",
  year         = "2000",
  volume       = "83",
  number       = "1",
  pages        = "24-32",
  note         = "Preliminary version in {\em PKC '99}, 1999",
}

@inproceedings{FO99:CRYPTO,
  author       = "Fujisaki, Eiichiro and Okamoto, Tatsuaki",
  title        = "Secure Integration of Asymmetric and Symmetric
                  Encryption Schemes",
  pages        = "537-554",
  crossref     = "CRYPTO99",
}


@article{FO13:FOb,
  author    = {Eiichiro Fujisaki and
               Tatsuaki Okamoto},
  title     = {Secure Integration of Asymmetric and Symmetric Encryption
               Schemes},
  journal   = JOC,
  volume    = {26},
  number    = {1},
  year      = {2013},
  pages     = {80-101},
}

@article{FOPS04:ProofRSAOAEP,
  author       = "Fujisaki, Eiichiro and Okamoto, Tatsuaki and
                  Pointcheval, David and Stern, Jacques",
  title        = "{RSA-OAEP} Is Secure under the {RSA} Assumption",
  journal      = "Journal of Cryptology",
  volume       = "17",
  number       = "2",
  year         = "2004",
  pages        = "81-104",
}

@inproceedings{FS86,
  author       = "Fiat, Amos and Shamir, Adi",
  title        = "How to Prove Yourself -- Practical Solutions to
                  Identification and Signature Problems",
  pages        = "186-194",
  crossref     = "CRYPTO86",
}

@inproceedings{FS90,
  author       = "Feige, Uriel and Shamir, Adi",
  title        = "Witness Indistinguishable and Witness Hiding Protocols",
  pages        = "416-426",
  crossref     = "STOC90",
  memo         = "trap-door commitment",
}

@PhdThesis{Fis01D,
  author       = "Fischlin, Marc",
  title        = "Trapdoor Commitment Schemes and Their Applications",
  school       = "Johann Wolfgang Goethe-Universit{\"a}t, Frankfurt am Main",
  year         = "2001",
}

@InProceedings{Fis05:CNM,
  author       = "Fischlin, Marc",
  title        = "Completely Non-Malleable Schemes (Extended Abstract)",
  pages        = "779-790",
  crossref     = "ICALP2005",
  note         = "The full version is available at \url{http://www.fischlin.de/}",
}

@Book{FoC1,
  author       = "Goldreich, Oded",
  title        = "Foundations of Cryptography: Volume I -- Basic Tools",
  publisher    = "Cambridge University Press",
  year         = "2001",
  isbn         = "0-521-79172-3",
}

@Book{FoC2,
  author       = "Goldreich, Oded",
  title        = "Foundations of Cryptography: Volume II -- Basic Applications",
  publisher    = "Cambridge University Press",
  year         = "2004",
  isbn         = "0-521-83084-2",
}

@Misc{FujisakiPersonal08,
  author       = "Eiichiro, Fujisaki",
  month        = "August",
  year         = "2008",
  note         = "Personal Communications",
}

@inproceedings{Fuj12:sstc,
  author    = {Eiichiro Fujisaki},
  title     = {New Constructions of Efficient Simulation-Sound Commitments
               Using Encryption and Their Applications},
  pages     = {136-155},
  crossref  = {CTRSA2012},
}



@inproceedings{GA07,
  author       = "Green, Matthew and Ateniese, Giuseppe",
  title        = "Identity-Based Proxy Re-encryption",
  pages        = "288-306",
  crossref     = "ACNS2007",
}

@article{GG00,
  author       = "Goldreich, Oded and Goldwasser, Shafi",
  title        = "On the Limits of Nonapproximability of Lattice Problems",
  journal      = "Journal of Computer and System Sciences",
  volume       = "60",
  number       = "3",
  year         = "2000",
  pages        = "540-563",
}

@InProceedings{GG07,
  author       = "Gaborit, Philippe and Girault, Marc",
  title        = "Lightweight Code-Based Identification and Signature",
  pages        = "191-195",
  crossref     = "ISIT2007",
}

@article{GGH96Hash,
  author       = "Goldreich, Oded and Goldwasser, Shafi and Halevi, Shai",
  title        = "Collision-Free Hashing from Lattice Problems",
  journal      = ECCC,
  volume       = "3",
  number       = "42",
  year         = "1996",
}

@inproceedings{GGH97:GGH,
  author       = "Goldreich, Oded and Goldwasser, Shafi and Halevi, Shai",
  title        = "Public-Key Cryptosystems from Lattice Reduction Problems",
  pages        = "112-131",
  crossref     = "CRYPTO97",
  note         = "See also ECCC TR96-056",
}

@inproceedings{GGH97:Lattice,
  author       = "Goldreich, Oded and Goldwasser, Shafi and Halevi, Shai",
  title        = "Eliminating Decryption Errors in the {Ajtai}-{Dwork} Cryptosystem.",
  pages        = "105-111",
  crossref     = "CRYPTO97",
  note         = "See also ECCC TR97-018",
}

@inproceedings{GHR99,
  author       = "Gennaro, Rosario and Halevi, Shai and Rabin, Tal",
  title        = "Secure Hash-and Sign Signatures without the Random Oracle",
  pages        = "123-139",
  crossref     = "EUROCRYPT99",
}

@inproceedings{GHY85,
  author       = "Galil, Zvi and Haber, Stuart and Yung, Moti",
  title        = "Symmetric Public-Key Encryption",
  pages        = "128-137",
  crossref     = "CRYPTO85",
}

@inproceedings{GJSS01,
  author       = "Gentry, Craig and Jonsson, Jakob and Stern, Jacques
                  and Szydlo, Mike",
  title        = "Cryptanalysis of the {NTRU} signature Scheme ({NSS})
                  from {Eurocyrpt} 2001",
  pages        = "1-20",
  crossref     = "ASIACRYPT2001",
}

@inproceedings{GK03Fiat-Shamir,
  author       = "Goldwasser, Shafi and Kalai, Yael Tauman",
  title        = "On the (In)security of the {Fiat-Shamir} Paradigm",
  pages        = "102-113",
  crossref     = "FOCS2003",
}

@inproceedings{GK05,
  author       = "Goldwasser, Shafi and Kharchenko, Dmitriy",
  title        = "Proof of Plaintext Knowledge for the {Ajtai}-{Dwork} Cryptosystem",
  pages        = "529-555",
  crossref     = "TCC2005",
}

@inproceedings{GKPV10,
  author       = "Goldwasser, Shafi and Kalai, Yael and Peikert, Chris
                  and Vaikuntanathan, Vinod",
  title        = "Robustness of the Learning with Errors Assumption",
  pages        = "230-240",
  crossref     = "ICS2010",
}

@InProceedings{GL89,
  author       = "Goldreich, Oded and Levin, Leonid A.",
  title        = "A Hard-Core Predicate for all One-Way Functions",
  pages        = "25-32",
  crossref     = "STOC89",
}

@Book{GLS88,
  author       = "Gr{\"o}tschel, Martin and Lov{\'a}sz, L{\'a}szl{\'o}
                  and Schrijver, Alexander",
  title        = "Geometric Algorithms and Combinational Optimization",
  publisher    = springer,
  year         = "1988",
}

@inproceedings{GM82,
  author       = "Goldwasser, Shafi and Micali, Silvio",
  title        = "Probabilistic Encryption and How to Play Mental Poker
                  Keeping Secret All Partial Information",
  pages        = "365-377",
  crossref     = "STOC82",
}

@article{GM84,
  author       = "Goldwasser, Shafi and Micali, Silvio",
  title        = "Probabilistic Encryption",
  journal      = "Journal of Computer and System Sciences",
  volume       = "28",
  number       = "2",
  year         = "1984",
  pages        = "270-299",
}

@article{GMMV05ProofFO,
  author       = "Galindo, David and Mart\'{\i}n, Sebasti{\`a} and
                  Morillo, Paz and Villar, Jorge L.",
  title        = "{Fujisaki}-{Okamoto} hybrid encryption revisited",
  journal      = "International Journal of Information Security",
  volume       = "4",
  number       = "4",
  year         = "2005",
  pages        = "228-241",
  ee           = {http://dx.doi.org/10.1007/s10207-004-0042-z},
}

@article{GMR05CRP,
  author       = "Guruswami, Venkatesan and Micciancio, Daniele and
                  Regev, Oded",
  title        = "The Complexity of the Covering Radius Problem on Lattices",
  journal      = "SIAM Journal of Computing",
  volume       = "37",
  number       = "1",
  year         = "2005",
  pages        = "267-302",
  note         = "Preliminary version in {\em CCC 2004}, 2004",
}

@Article{GMR88,
  author       = "Goldwasser, Shafi and Micali, Silvio and Rivest, Ron L.",
  title        = "A Digital Signature Scheme Secure Against Adaptive
                  Chosen-Message Attacks",
  journal      = "SIMA Journal of Computing",
  year         = "1988",
  volume       = "17",
  number       = "2",
  pages        = "281-308",
  note         = "Preliminary vesion in {\em FOCS '84}, 1984",
}

@InProceedings{GN01,
  author       = "Gonz{\'a}lez Vasco, Maria Isabel and N{\"a}slund, Mats",
  title        = "A Survey of Hard Core Functions",
  pages        = "227-255",
  crossref     = "CCNT99",
}

@InProceedings{GN07,
  author       = "Gama, Nicolas and Nguyen, Phong Q.",
  title        = "New Chosen-Ciphertext Attacks on {NTRU}",
  pages        = "89-106",
  crossref     = "PKC2007",
}

@InProceedings{GN08,
  author       = "Gama, Nicolas and Nguyen, Phong Q.",
  title        = "Predicting Lattice Reduction",
  pages        = "31-51",
  crossref     = "EUROCRYPT2008",
}

@Article{GNR01,
  author       = "Goldmann, Mikael and N{\"a}slund, Mats and Russell, Alexander",
  title        = "Complexity Bounds on General Hard-Core Predicates",
  journal      = "Journal of Cryptology",
  volume       = "14",
  number       = "3",
  year         = "2001",
  pages        = "177-195",
  note         = "Preliminary versions in {\em CRYPTO '97}, 1997 and
                  {\em STACS 2000}, 2000.",
}

@Misc{GOS02CTRU,
  author       = "Gaborit, Philippe and Ohler, Julien and Sol{\'e}, Patric",
  title        = "{CTRU}, a polynomial analogue of {NTRU}",
  howpublished = "INRIA, RR-4621",
  year         = "2002",
  month        = "November",
  note         = "Available at \url{http://www.inria.fr/rrrt/rr-4621.html}",
}

@Misc{GPV07,
  author       = "Gentry, Craig and Peikert, Chris and Vaikuntanathan,
                  Vinod ",
  title        = "Trapdoors for Hard Lattices and New Cryptographic Constructions",
  month        = "November",
  year         = "2007",
  howpublished = "Cryptology ePrint Archive, Report 2007/432",
  url          = "http://eprint.iacr.org/2007/432",
}

@InProceedings{GPV08,
  author       = "Gentry, Craig and Peikert, Chris and Vaikuntanathan,
                  Vinod ",
  title        = "Trapdoors for Hard Lattices and New Cryptographic Constructions",
  pages        = "197-206",
  crossref     = "STOC2008",
}

@InProceedings{GQ88,
  author       = "Guillou, Louis Claude. and Quisquater, {J}ean-{J}acques",
  title        = "A ``Paradoxical'' Identity-Based Signature Scheme
                  Resulting from Zero-Knowledge",
  pages        = "216-231",
  crossref     = "CRYPTO88",
}

@Article{GR03,
  author       = "Goldreich, Oded and Rosen Vered",
  title        = "On the Security of Modular Exponentation with
                  Application to the Construciton of Pseudorandom Generators",
  journal      = "Journal of Cryptology",
  year         = "2003",
  volume       = "16",
  pages        = "71-93",
}

@Article{GRS00,
  author       = "Goldreich, Oded and Rubinfeld, Ronitt and Sudan, Madhu",
  title        = "Learning polynomials with queries: The highly noisy case",
  journal      = "SIAM Journal on Discrete Mathematic",
  year         = "2000",
  volume       = "13",
  number       = "4",
  pages        = "535-570",
  month        = "November",
  annote       = "Preliminary version in {\em FOCS '95}, 1995"
}

@article{GRS00CRT,
  author       = "Goldreich, Oded and Ron, Dana and Sudan, Madhu",
  title        = "Chinese Remaindering with Errors",
  journal      = "IEEE Transactions on Information Theory",
  volume       = "46",
  number       = "4",
  year         = "2000",
  pages        = "1330-1338",
  note         = "Preliminary version in {\em STOC '99}, 1999.",
}

@inproceedings{GS02,
  author       = "Gentry, Craig and Szydlo, Mike",
  title        = "Cryptanalysis of the Revised {NTRU} Signature Scheme",
  pages        = "299-320",
  crossref     = "EUROCRYPT2002",
}

@article{GT03ECCC,
  author       = "Goldwasser, Shafi and Tauman {Kalai}, Yael",
  title        = "On the (In)security of the {Fiat}-{Shamir} Paradigm",
  journal      = ECCC,
  volume       = "10",
  number       = "015",
  year         = "2003",
}

@inproceedings{GT03FOCS,
  author       = "Goldwasser, Shafi and Tauman {Kalai}, Yael",
  title        = "On the (In)security of the {Fiat}-{Shamir} Paradigm",
  pages        = "102-113",
  crossref     = "FOCS2003",
  note         = "See also ECCC TR03-015",
}

@Misc{GV08Cor,
  author       = "Goldwasser, Shafi and Vaikuntanathan, Vinod",
  title        = "New Constructions of Correlation-Secure Trapdoor
                  Functions and {CCA}-secure Encryption Schemes",
  howpublished = "Manuscript",
  year         = "2008",
}

@InProceedings{GWZ09:UCOT,
  author       = "Garay, Juan A. and Wichs, Daniel and Zhou, Hong-Sheng",
  title        = "Somewhat Non-Committing Encryption and Efficient
                  Adaptively Secure Oblivious Transfer",
  crossref     = "CRYPTO2009",
  pages        = "505-523",
}

@inproceedings{Gen01NTRU,
  author       = "Gentry, Craig",
  title        = "Key Recovery and Message Attacks on {NTRU}-Composite",
  pages        = "182-194",
  crossref     = "EUROCRYPT2001",
}

@PhdThesis{Gen09D,
  author       = "Craig Gentry",
  title        = "A fully homomorphic encryption scheme",
  school       = "Stanford University",
  year         = "2009",
  note         = "Available at \url{http://crypto.stanford.edu/craig/}",
}

@PhdThesis{Gro04:Thesis,
  author       = "Groth, Jens",
  title        = "Honest Verifier Zero-Knowledge Arguments Applied",
  school       = "University of Aarhus",
  year         = "2004",
}

@InProceedings{HCH08,
  author       = "Hu, Xiaoming and Chen, Xu and Huang, Shangteng",
  title        = "Fully Secure Identity Based Proxy Re-Encryption
                  Schemes in the Standard Model",
  booktitle    = "Computer Science and Information Technology, 2008.
                  ICCSIT '08. International Conference on",
  year         = "2008",
  pages        = "53-57",
  publisher    = "IEEE",
}

@InProceedings{HG07,
  author       = "Howgrave-Graham, Nick",
  title        = "A Hybrid Lattice-Reduction and Meet-in-the-Middle
                  Attack Against {NTRU}",
  pages        = "150-169",
  crossref     = "CRYPTO2007",
}

@inproceedings{HGS99CCA,
  author       = "Hall, Chris and Goldberg, Ian and Schneier, Bruce",
  title        = "Reaction Attacks against Several Public-Key Cryptosystems",
  pages        = "2-12",
  crossref     = "ICICS99",
}

@Misc{HGSW05,
  author       = "Howgrave-Graham, Nick and Silverman, Joseph H. and
                  Whyte, William",
  title        = "Choosing Parameter Sets for {NTRUEncrypt} with {NAEP}
                  and {SVES-3}",
  year         = "2005",
  note         = "Available at \url{http://www.ntru.com/cryptolab/articles.htm}",
}

@InProceedings{HHHK03,
  author       = "Han, Daewan and Hong, Jin and Han, Jae Woo and Kwon, Daesung",
  title        = "Key Recovery Attacks on {NTRU} without Ciphertext
                  Validation Routine",
  pages        = "274-284",
  crossref     = "ACISP2003",
  note         = "See also \url{http://eprint.iacr.org/2002/188}",
}

@InProceedings{HHHW09,
  author       = "Hirschhorn, P. and Hoffstein, J. and Howgrave-Graham,
                  N. and Whyte, W.",
  title        = "Choosing {NTRUEncrypt} Parameters in Light of Combined
                  Lattice Reduction and {MITM} Approaches",
  crossref     = "ACNS2009",
  pages        = "437-455",
}

@Misc{HHK06:KEM,
  author       = "Herranz, Javier and Hofheinz, Dennis and Kiltz, Eike",
  title        = "{KEM/DEM}: Necessary and Sufficient Conditions for
                  Secure Hybrid Encryption",
  year         = "2006",
  howpublished = "Cryptology ePrint Archive, Report 2006/265",
  url          = "http://eprint.iacr.org/2006/265",
}

@inproceedings{HHPSW03,
  author       = "Hoffstein, Jeffrey and Howgrave-{Graham}, Nick and
                  Pipher, Jill and Silverman, Joseph {H}. and Whyte, William",
  title        = "{NTRUSign}: Digital Signature Using the {NTRU} Lattice",
  pages        = "122-140",
  crossref     = "CTRSA2003"
}

@Misc{HHPSW07,
  author       = "Hoffstein, Jeffrey and Howgrave-{Graham}, Nick and
                  Pipher, Jill and Silverman, Joseph {H}. and Whyte, William",
  title        = "Hybrid Lattice Reduction and Meet in the Middle
                  Resistant Parameter Selection for {NTRUEncrypt}",
  year         = "2007",
  note         = "Available at \url{http://grouper.ieee.org/groups/1363/lattPK/submissions.html#2007-02}",
}

@inproceedings{HKY07,
  author       = "Han, Daewan and Kim, Myung-Hwan and Yeom, Yongjin",
  title        = "Cryptanalysis of the Paeng-Jung-Ha Cryptosystem from
                  PKC 2003",
  pages        = "107-117",
  crossref     = "PKC2007",
}

@inproceedings{HM96,
  author       = "Halevi, Shai and Micali, Silvio",
  title        = "Practical and Provably-Secure Commitment Scheme from
                  Collision-Free Hashing",
  pages        = "201-215",
  crossref     = "CRYPTO96",
}

@InProceedings{HMS04,
  author       = "Holenstein, Thomas and Maurer, Ueli M. and Sj{\"o}din,
                  Johan",
  title        = "Complete Classification of Bilinear Hard-Core Functions",
  pages        = "73-91",
  crossref     = "CRYPTO2004",
}

@Article{HN04,
  author       = "H{\aa}stad, Johan and N{\"a}slund, Mats",
  title        = "The Security of All {RSA} and Discrete Log Bits",
  journal      = "Journal of the ACM",
  year         = "2004",
  volume       = "51",
  number       = "2",
  pages        = "187-230",
  month        = "March",
}

@inproceedings{HNPPSSW03,
  author       = "Howgrave-{Graham}, Nick and Nguyen, {Phong} {Q}. and
                  Pointcheval, David and Proos, John and Silverman,
                  Joseph {H}. and Singer, Ari and Whyte, William",
  title        = "The Impact of Decryption Failures on the Security of
                  {NTRU} encryption",
  pages        = "226-246",
  crossref     = "CRYPTO2003",
}

@inproceedings{HPS01,
  author       = "Hoffstein, Jeffrey and Pipher, Jill and Silverman,
                  Joseph H.",
  title        = "{NSS}: An {NTRU} Lattice-Based Signature Scheme",
  pages        = "211-228",
  crossref     = "EUROCRYPT2001",
}

@inproceedings{HPS98,
  author       = "Hoffstein, Jeffrey and Pipher, Jill and Silverman,
                  Joseph H.",
  title        = "{NTRU}: A Ring-Based Public Key Cryptosystem",
  pages        = "267-288",
  crossref     = "ANTS98",
}

@inproceedings{HR07SVP,
  author       = "Haviv, Ishay and Regev, Oded",
  title        = "Ternsor-based Hardness of the Shortest Vector Problem
                  to within Almost Polynomial Factors",
  pages        = "469-477",
  crossref     = "STOC2007",
}

@inproceedings{HRSV07PRE,
  author       = "Hohenberger, Susan and Rothblum, Guy N. and {shelat},
                  {abhi} and Vaikuntanathan, Vinod",
  title        = "Securely Obfuscating Re-Encryption",
  pages        = "233-252",
  crossref     = "TCC2007",
}

@Misc{HS00,
  author       = "Hoffstein, Jeffrey and Silverman, Joseph",
  title        = "Optimizations for {NTRU}",
  year         = "2000",
  note         = "Available at \url{http://www.ntru.com/cryptolab/articles.htm}",
}

@inproceedings{HS08,
  author       = "Hoch, Jonathan J. and Shamir, Adi",
  title        = "On the Strength of the Concatenated Hash Combiner When
                  All the Hash Functions Are Weak",
  pages        = "616-630",
  crossref     = "ICALP2008-2",
}

@TechReport{HSWMitM,
  author       = "Howgrave-Graham, Nick and Silverman, Joseph H. and
                  Whyte, William",
  title        = "A Meet-In-The-Middle Attack on an {NTRU} Private Key",
  institution  = "NTRU Cryptosystems",
  year         = "2003",
  number       = "4, version 2",
  note         = "Available at \url{http://www.ntru.com/cryptolab/tech_notes.htm}",
}

@inProceedings{HT06,
  author       = "Hayashi, Shunichi and Tada, Mitsuru",
  title        = "A Lattice-Based Public-Key Identification Scheme",
  booktitle    = "The 2006 International Symposium on Information Theory
                  and its Applications (ISITA 2006)",
  year         = "2006",
}

@Article{Hoef63,
  author       = "Hoeffding, Wassily",
  title        = "Probability inequalities for sums of bounded random variables",
  journal      = "Journal of the American Statistical Association",
  year         = "1963",
  volume       = "58",
  number       = "301",
  pages        = "13-30",
}

@article{IM06CCA,
  author       = "Izmerly, Oleg and Mor, Tal",
  title        = "Chosen ciphertext attacks on lattice-based public key
                  encryption and modern (non-quantum) cryptography in a
                  quantum environment",
  journal      = "Theoretical Computer Science",
  volume       = "367",
  number       = "3",
  year         = "2006",
  pages        = "308-323",
}

@inproceedings{IR89,
  author       = "Impagliazzo, Russell and Rudich, Steven",
  title        = "Limits on the Provable Consequences of One-Way Permutations",
  pages        = "8-26",
  crossref     = "CRYPTO88",
}

@InProceedings{ITHJ08,
  author       = "Ibraimi, Luan and Tang, Qiang and Hartel, Pieter and
                  Jonker, Williem",
  title        = "A Type-and-Identity-Based Proxy Re-encryption Scheme
                  and Its Application in Healthcare",
  booktitle    = "Secure Datea Management -- SDM 2008",
  year         = "2008",
  editor       = "Jonker, Willem and Petkovic, Milan",
  volume       = "5159",
  series       = "Lecture Notes in Computer Science",
  pages        = "185-198",
  publisher    = springer,
}

@inproceedings{IOS94,
 author = {Itoh, Toshiya and Ohta, Yuji and Shizuya, Hiroki},
 title = {Language Dependent Secure Bit Commitment},
 crossref = "CRYPTO94",
 pages = {188--201},
}

@inproceedings{IZ89,
  author       = "Impagliazzo, Russell and Zuckerman, David",
  title        = "How to Recycle Random Bits",
  pages        = "248-253",
  crossref     = "FOCS89",
}

@InProceedings{JJ00,
  author       = "Jaulmes, {\'E}liane and Joux, Antoine",
  title        = "A Chosen-Ciphertext Attack against {NTRU}",
  pages        = "20-35",
  crossref     = "CRYPTO2000",
}

@InProceedings{KH04,
  author       = "Kurosawa, Kaoru and Heng, Swee-Huay",
  title        = "From Digital Signature to {ID}-based Identification/Signature",
  pages        = "248-261",
  crossref     = "PKC2004",
}

@Article{KH08,
  author       = "Kurosawa, Kaoru and Heng, Swee-Huay",
  title        = "The power of identification schemes",
  journal      = "International Journal of Applied Cryptography (IJACT)",
  year         = "2008",
  volume       = "1",
  number       = "1",
  pages        = "60-69",
  note         = "Preliminary version in {\em PKC 2006}, 2006",
}

@Article{KHL09,
  author       = "Koo, Woo Kwon and Hwang, Jong Yeon and Lee, Dong Hoon",
  title        = "Security vulnerability in a non-interactive {ID}-based
                  proxy re-encryption scheme",
  journal      = "Information Processing Letters",
  year         = "2009",
  volume       = "109",
  number       = "23-24",
  pages        = "1260-1262",
}

@Misc{KK05,
  author       = "Katz, Jonathan and Koo, Chiu-Yuen",
  title        = "On Constructing Universal One-Way Hash Functions from
                  Arbitrary One-Way Functions",
  year         = "2005",
  howpublished = "Cryptology ePrint Archive, Report 2005/328",
  url          = "http://eprint.iacr.org/2005/328",
}

@Book{KL07,
  author       = "Katz, Jonathan and Lindell, Yehuda",
  title        = "Introduction to Modern Cryptography",
  publisher    = "Chapman \& Hall/CRC",
  year         = "2007",
}

@Article{KLG99,
  author       = "Kuo, Wen-Chung and Laih, Chi Sung and Gau, M. J.",
  title        = "On the Implementation of Indistinguishable Boxes
                  Needed in Knapsack Zero-Knowledge Interactive Proof Schemes",
  journal      = "Journal of Inforamtion Science and Engineering",
  year         = "1999",
  volume       = "15",
  number       = "5",
  pages        = "701-713",
  month        = "September",
}

@article{KM93,
  author       = "Kushilevitz, Eyal and Mansour, Yishay",
  title        = "Learning Decision Trees Using the {Fourier} Spectrum",
  journal      = "SIAM Journal on Computing",
  volume       = "22",
  number       = "6",
  year         = "1993",
  pages        = "1331-1348",
  note         = "Preliminary version in {\em STOC '91}, 1991.",
}

@Misc{KNTX10wROM,
  author       = "Kawachi, Akinori and Numayama, Akira and Tanaka,
                  Keisuke and Xagawa, Keita",
  title        = "Security of Encryption Schemes in Weakened Random
                  Oracle Models",
  year         = "2010",
  howpublished = "Cryptology ePrint Archive, Report 2010/122",
  url          = "http://eprint.iacr.org/2010/122",
}

@inproceedings{KP09OAEP,
  author       = "Kiltz, Eike and Pietrzak, Krzysztof",
  title        = "On the Security of Padding-Based Encryption Schemes
                  (Or: Why we cannot prove {OAEP} secure in the Standard
                  Model)",
  pages        = "389-406",
  crossref     = "EUROCRYPT2009",
}

@inproceedings{KR00Sig,
  author       = "Krawczyk, Hugo and Rabin, Tal",
  title        = "Chameleon Signatures",
  pages        = "143-154",
  crossref     = "NDSS2000",
}

@Article{KS01,
  author       = "Kumar, S.-{Ravi} and Sivakumar, D.",
  title        = "On the Unique Shortest Lattice Vector Problem",
  journal      = "Theoretical Computer Science",
  year         = "2001",
  volume       = "255",
  number       = "1-2",
  pages        = "641-648",
}

@article{KSS10HB,
  author       = "Katz, Jonathan and Shin, Ji Sun and Smith, Adam",
  title        = "Parallel and Concurrent Security of the HB and
                  HB$^{\mbox{+}}$ Protocols",
  journal      = "Journal of Cryptology",
  volume       = "23",
  number       = "3",
  year         = "2010",
  pages        = "402-421",
}

@inproceedings{KTX07,
  author       = "Kawachi, Akinori and Tanaka, Keisuke and Xagawa, Keita",
  title        = "Multi-bit Cryptosystems Based on Lattice Problems",
  pages        = "315-329",
  crossref     = "PKC2007",
}

@Misc{KTX07a,
  author       = "Kawachi, Akinori and Tanaka, Keisuke and Xagawa, Keita",
  title        = "Concurrently Secure Identification Schemes and Ad Hoc
                  Anonymous Identification Schemes Based on the
                  Worst-Case Hardness of Lattice Problems",
  month        = "November",
  year         = "2007",
  note         = "Research Report C-249, Dept. of Mathematical and
                  Computing Sciences, Tokyo Institute of Technology.",
}

@InProceedings{KTX08,
  author       = "Kawachi, Akinori and Tanaka, Keisuke and Xagawa, Keita",
  title        = "Concurrently Secure Identification Schemes Based on
                  the Worst-Case Hardness of Lattice Problems",
  pages        = "372-389",
  crossref     = "ASIACRYPT2008",
}

@inproceedings{KV09:PAKE,
  author       = "Katz, Jonathan and Vaikuntanathan, Vinod",
  title        = "Smooth Projective Hashing and Password-Based
                  Authenticated Key Exchange Based on Lattices",
  pages        = "636-652",
  crossref     = "ASIACRYPT2009",
}

@Misc{KX09,
  author       = "Kawachi, Akinori and Xagawa, Keita",
  title        = "Simultaneous Security of Quantum Hardcore Functions",
  howpublished = "Manuscript",
  month        = "July",
  year         = "2009",
}

@InProceedings{KY06,
  author       = "Kawachi, Akinori and Yamakami, Tomoyuki",
  title        = "Quantum Hardcore Functions by Complexity-Theoretical
                  Quantum List Decoding",
  pages        = "216-227",
  crossref     = "ICALP2006-2",
  note         = "[arXiv:quant-ph/0602088]"
}

@Article{KY06SKE,
  author       = "Katz, Jonathan and Yung, Moti",
  title        = "Characterization of Security Notions for Probabilistic
                  Private-Key Encryption",
  journal      = "Journal of Cryptology",
  volume       = "19",
  number       = "1",
  year         = "2006",
  pages        = "67-95",
  note         = "Preliminary version in {\em STOC 2000}, 2000.",
}

@InProceedings{Katz03,
  author       = "Katz, Jonathan",
  title        = "Efficient and Non-malleable Proofs of Plaintext
                  Knowledge and Applications",
  pages        = "211-228",
  crossref     = "EUROCRYPT2003",
}

@inproceedings{Khot04,
  author       = "Khot, Subhash",
  title        = "Hardness of Approximating the Shortest Vector Problem
                  in Lattices",
  pages        = "126-135",
  crossref     = "FOCS2004",
}

@article{Khot05,
  author       = "Khot, Subhash",
  title        = "Hardness of Approximating the Shortest Vector Problem
                  in Lattices",
  journal      = "Journal of the ACM",
  volume       = "52",
  number       = "5",
  year         = "2005",
  pages        = "789-808",
  note         = "Preliminary version in {\em FOCS 2004}, 2004.",
}

@article{Khot06,
  author       = "Khot, Subhash",
  title        = "Hardness of Approximating the Shortest Vector Problem
                  in High $\ell_p$ Norms",
  journal      = "Journal of Computer and System Sciences (JCSS)",
  volume       = "72",
  number       = "2",
  year         = "2006",
  pages        = "206-219",
  note         = "Preliminary version in {\em FOCS 2003}, 2003.",
}

@InProceedings{Kil06:TBE,
  author       = "Kiltz, Eike",
  title        = "Chosen-Ciphertext Security from Tag-Based Encryption",
  crossref     = "TCC2006",
  pages        = "581-600",
}

@inproceedings{Kil92,
  author       = "Kilian, Joe",
  title        = "A Note on Efficient Zero-Knowledge Proofs and Arguments",
  pages        = "723-732",
  crossref     = "STOC92",
}

@inproceedings{Klein2000,
  author       = "Klein, Philip N.",
  title        = " Finding the closest lattice vector when it's
                  unusually close",
  pages        = "937-941",
  crossref     = "SODA2000",
}

@MastersThesis{Kouzmenko06,
  author       = "Kouzmenko, Roman",
  title        = "Generalizations of the {NTRU} Cryptosystem",
  school       = "Ecole Polytechnique F{\'e}d{\'e}rale de Lausanne",
  year         = "2006",
  note         = "Available at \url{http://algo.epfl.ch/contents/output/diplomapr/2006_roman.pdf}",
}

@InProceedings{Kuni08Dens,
  author       = "Kunihiro, Noburu",
  title        = "New Definition of Density on Knapsack Cryptosystems",
  pages        = "156-173",
  crossref     = "AFRICACRYPT2008",
}

@article{Kuni10Dens,
  author       = "Kunihiro, Noboru",
  title        = "New Conditions for Secure Knapsack Schemes against
                  Lattice Attack",
  journal      = "IEICE transactions on fundamentals of electronics,
                  communications and computer sciences",
  publisher    = "IEICE",
  year         = "2010",
  volume       = "E93-A",
  number       = "6",
  pages        = "1058-1065",
  note         = "Preliminary version in {\em AFRICACRYPT 2008}, 2008",
}

@inproceedings{LH08GGH,
  author       = "Lee, Moon Sung and Hahn, Sang Geun",
  title        = "Analysis of the {GGH} cryptosystem",
  booktitle    = "Proceedings of First International Conference on
                  Symbolic Computation and Cryptography (SCC 2008)",
  month        = "April",
  year         = "2008",
  address      = "Beijing, China",
  page         = "107-117",
  cross        = "PKC2007",
}

@InProceedings{LKSP07NTRU,
  author       = "Lee, Mun-Kyu and Kim, Jung Woo and Song, Jeong Eun and
                  Park, Kunsoo",
  title        = "Sliding Window Method for {NTRU}",
  pages        = "432-442",
  crossref     = "ACNS2007",
}

@article{LLL82,
  author       = "Lenstra, Arjen {K}. and Lenstra, Hendrik {W}. and
                  Lov{\'a}sz, L{\'a}szl{\'o}",
  title        = "Factoring polynomials with rational coefficients",
  journal      = "Mathematische Annalen",
  volume       = "261",
  number       = "4",
  year         = "1982",
  pages        = "513-534",
}

@InProceedings{LLM06,
  author       = "Liu, Yi-Kai and Lyubashevsky, Vadim and Micciancio, Daniele",
  title        = "On Bounded Distance Decoding for General Lattices",
  crossref     = "APPROXRANDOM2006",
  pages        = "450-461",
}

@Article{LM05,
  author       = "Lyubashevsky, Vadim and Micciancio, Daniele",
  title        = "Generalized Compact Knapsacks are Collision Resistant",
  journal      = ECCC,
  volume       = "12",
  number       = "142",
  year         = "2005",
}

@InProceedings{LM06,
  author       = "Lyubashevsky, Vadim and Micciancio, Daniele",
  title        = "Generalized Compact Knapsacks Are Collision Resistant",
  pages        = "144-155",
  crossref     = "ICALP2006-2",
}

@InProceedings{LM08,
  author       = "Lyubashevsky, Vadim and Micciancio, Daniele",
  title        = "Asymptotically Efficient Lattice-Based Digital Signatures",
  pages        = "37-54",
  crossref     = "TCC2008",
}

@InProceedings{LM09uSVP,
  author       = "Lyubashevsky, Vadim and Micciancio, Daniele",
  title        = "On Bounded Distance Decoding, Unique Shortest Vectors,
                  and the Minimum Distance Problem",
  pages        = "577-594",
  crossref     = "CRYPTO2009",
}

@InProceedings{LMPR08,
  author       = "Lyubashevsky, Vadim and Micciancio, Daniele and
                  Peikert, Chris and Rosen, Alon",
  title        = "{SWIFFT}: A Modest Proposal for {FFT} Hashing ",
  pages        = "54-72",
  crossref     = "FSE2008",
}

@inproceedings{LN09ROM,
  author       = "Leurent, Ga{\"e}tan and Nguyen, Phong Q.",
  title        = "How Risky Is the Random-Oracle Model?",
  pages        = "445-464",
  crossref     = "CRYPTO2009",
  note         = "The full version is available at \url{http://eprint.iacr.org/2008/441}",
}

@article{LN11:QCoinFlip,
  author       = "Lunemann, Carolin and Nielsen, Jesper Buus",
  title        = "Fully Simulatable Quantum-Secure Coin-Flipping and Applications",
  howpublished = "arXiv:1102.0885v1 [quant-ph]",
  month        = "February",
  year         = "2011",
  arxivId      = "1102.0887",
  note         = "Available at \url{http://arxiv.org/abs/1102.0887}",
}

@article{LO85,
  author       = "Lagarias, Jeffrey C. and Odlyzko, Andrew M.",
  title        = "Solving Low-Density Subset Sum Problems",
  journal      = "Journal of the ACM",
  volume       = "32",
  number       = "1",
  year         = "1985",
  pages        = "229-246",
}

@inproceedings{LPR10RingLWE,
  author       = "Lyubashevsky, Vadim and Peikert, Chris and Regev, Oded",
  title        = "On Ideal Lattices and Learning with Errors over Rings",
  pages        = "1-23",
  crossref     = "EUROCRYPT2010",
}

@inproceedings{LPS10SS,
  author       = "Lyubashevsky, Vadim and Palacio, Adriana and Segev, Gil",
  title        = "Public-Key Cryptographic Primitives Provably as Secure
                  as Subset Sum",
  pages        = "382-400",
  crossref     = "TCC2010",
}

@inproceedings{LV08PKC,
  author       = "Libert, Beno{\^i}t and Vergnaud, Damien",
  title        = "Unidirectional Chosen-Ciphertext Secure Proxy Re-encryption",
  pages        = "360-379",
  crossref     = "PKC2008",
}

@inproceedings{LV08TracePRE,
  author       = "Libert, Beno{\^i}t and Vergnaud, Damien",
  title        = "Tracing Malicious Proxies in Proxy Re-Encryption",
  pages        = "332-353",
  crossref     = "Pairing2008",
}

@InProceedings{LY10:CNM,
  author       = "Libert, Beno\^it and Yung, Moti",
  title        = "Efficient Completely Non-malleable Public Key Encryption",
  crossref     = "ICALP2010-1",
  pages        = "581-600",
}

@Article{LZDLK10,
  author       = "Lai, Junzuo and Zhu, Wentao and Deng, Robert H. and
                  Liu, Shenglii and Kou, Weidong",
  title        = "New Constructions for Identity-Based Unidirectional
                  Proxy Re-Encryption",
  journal      = "Journal of Computer Science and Technology",
  year         = "2010",
  volume       = "25",
  number       = "4",
  pages        = "793-806",
}

@article{Lag85,
  author       = "Lagarias, Jeffrey {C}.",
  title        = "The Computational Complexity of Simultaneous
                  {D}iophantine Approximation Problems",
  journal      = "SIAM Journal of Computing",
  year         = "1985",
  volume       = "14",
  number       = "1",
  pages        = "196-209",
}

@TechReport{Lamport79,
  author       = "Lamport, Leslie",
  title        = "Constructing digital signatures from a one way function",
  institution  = "SRI International Computer Science Laboratory",
  year         = "1979",
  number       = "SRI-CSL-98",
}

@inproceedings{Lin11:UCCom,
  author       = "Lindell, Yehuda",
  title        = "Highly-Efficient Universally-Composable Commitments
                  based on the {DDH} Assumption",
  pages        = "446-466",
  crossref     = "EUROCRYPT2011",
  note         = "The full version available at at Cryptology ePrint Archive {\tt http://eprint.iacr.org/2011/180}",
}

@inproceedings{Lucks04,
  author       = "Lucks, Stefan",
  title        = "Ciphers Secure Against Related-Key Attacks",
  pages        = "359-370",
  crossref     = "FSE2004",
}

@PhdThesis{Lun10:phd,
  author       = "Lunemann, Carolin",
  title        = "Cryptographic Protocols under Quantum Attacks",
  school       = "Aarhus University",
  year         = "2010",
  month        = "November",
}

@InProceedings{Lyu08,
  author       = "Lyubashevsky, Vadim",
  title        = "Lattice-Based Identification Schemes Secure Under
                  Active Attacks",
  pages        = "162-179",
  crossref     = "PKC2008",
}

@PhdThesis{Lyu08D,
  author       = "Lyubashevsky, Vadim",
  title        = "Towards Practical Lattice-Based Cryptography",
  school       = "University of Calfornia, San Diego",
  year         = "2008",
}

@Misc{Lyu08uSVP,
  author       = "Lyubashevsky, Vadim",
  title        = "The $n^c$-Unique Shortest Vector Problem is Hard",
  howpublished = "Cryptology ePrint Archive, Report 2008/504",
  year         = "2008",
  url          = "http://eprint.iacr.org/2008/504",
}

@InProceedings{Lyu09ID,
  author       = "Lyubashevsky, Vadim",
  title        = "{Fiat}-{Shamir} With Aborts: Applications to Lattice
                  and Factoring-Based Signatures",
  pages        = "598-616",
  crossref     = "ASIACRYPT2009",
}

@Book{MG02,
  author       = "Micciancio, Daniele and Goldwasser, Shafi",
  title        = "Complexity of Lattice Problems: a cryptographic perspective",
  publisher    = "Kluwer Academic Publishers",
  series       = "The Kluwer International Series in Engineering and
                  Computer Science",
  year         = "2002",
  volume       = "671",
  address      = "Boston, Massachusetts",
  month        = "March",
  ISBN         = "0-7923-7688-9",
}

@Article{MH78,
  author       = "Merkle, Ralph C. and Hellman, Martin E.",
  title        = "Hiding information and signatures in trap door knapsacks",
  journal      = "IEEE Transactions on Information Theory",
  year         = "1978",
  volume       = "24",
  number       = "5",
  pages        = "525-530",
  month        = "September",
}

@InProceedings{MNM10:TRE-PC,
  author       = "Matsuda, Takahiro and Nakai, Yasumasa and Matsuura, Kanta",
  title        = "Efficient Generic Constructions of Timed-Release
                  Encryption with Pre-open Capability",
  crossref     = "Pairing2010",
  pages        = "225-245",
}

@InProceedings{MNT10PRE,
  author       = "Matsuda, Toshihide and Nishimaki, Ryo and Tanaka, Keisuke",
  title        = "{CCA} Proxy Re-Encryption without Bilinear Maps in the
                  Standard Model (Extended Abstract)",
  pages        = "261-278",
  crossref     = "PKC2010",
}

@article{MO97ProxyEnc,
  author       = "Mambo, Masahiro and Okamoto, Eiji",
  title        = "Proxy Cryptosystems: Delegation of the Power to
                  Decrypt Ciphertexts",
  journal      = "IEICE transactions on fundamentals of electronics,
                  communications and computer sciences",
  publisher    = "IEICE",
  year         = "1997",
  volume       = "E80-A",
  number       = "1",
  pages        = "54-63",
  URL          = "http://ci.nii.ac.jp/naid/110003208389/",
}

@Book{MR-B.95,
  author       = "Motwani, Rajeev and Raghavan, Prabhakar",
  title        = "Randomized Algorithms",
  publisher    = "Cambridge University Press",
  year         = "1995",
}

@inproceedings{MR04WAG,
  author       = "Micciancio, Daniele and Regev, Oded",
  title        = "Worst-Case to Average-Case Reductions Based on
                  {Gaussian} Measures.",
  pages        = "372-381",
  crossref     = "FOCS2004",
}

@article{MR06NTRU,
  author       = "Meskanen, Tommi and Renvall, Ari",
  title        = "A wrap error attack against {NTRUEncrypt}",
  journal      = "Discrete Applied Mathematics",
  volume       = "154",
  number       = "2",
  year         = "2006",
  pages        = "382-391",
  note         = "Preliminary version in {\em WCC 2003}, 2003",
}

@Article{MR07WAG,
  author       = "Micciancio, Daniele and Regev, Oded",
  title        = "Worst-Case to Average-Case Reductions Based on
                  {Gaussian} Measures.",
  journal      = "SIAM Journal on Computing",
  volume       = "37",
  number       = "1",
  pages        = "267-302",
  year         = "2007",
  note         = "Preliminary version in {\em FOCS 2004}, 2004.",
}

@InBook{MR08PQC,
  author       = "Micciancio, Daniele and Regev, Oded",
  title        = "Post-Quantum Cryptography",
  publisher    = springer,
  chapter      = "Lattice-based Cryptography",
  year         = "2008",
  pages        = "147-191",
  doi          = "http://dx.doi.org/10.1007/978-3-540-88702-7_5"
}

@InProceedings{MR09,
  author       = "Morillo, Paz and R{\`a}fols, Carla",
  title        = "The Security of All Bits Using List Decoding",
  pages        = "15-33",
  crossref     = "PKC2009",
}

@inproceedings{MR09Imp,
  author       = "May, Alexander and Ritzenhofen, Maike",
  title        = "Implicit factoring: On polynomial time factoring given
                  only an implicit hint",
  pages        = "1-14",
  crossref     = "PKC2009",
}

@inproceedings{MRH04Indiff,
  author       = "Maurer, Ueli M. and Renner, Renato and Holenstein, Clemens",
  title        = "Indifferentiability, Impossibility Results on
                  Reductions, and Applications to the Random Oracle Methodology",
  pages        = "21-39",
  crossref     = "TCC2004",
}

@inproceedings{MV03,
  author       = "Micciancio, Daniele and Vadhan, Salil",
  title        = "Statistical Zero-Knowledge Proofs with Efficient
                  Provers: Lattice Problems and more",
  pages        = "282-298",
  crossref     = "CRYPTO2003",
}

@article{MV09SVP,
  author       = "Micciancio, Daniele and Voulgaris, Panagiotis",
  title        = "Faster exponential time algorithms for the shortest
                  vector problem",
  journal      = ECCC,
  number       = "065",
  year         = "2009",
  note         = "To appear in {\em SODA 2010}"
}

@article{MV10DetSVP,
  author       = "Micciancio, Daniele and Voulgaris, Panagiotis",
  title        = "A Deterministic Single Exponential Time Algorithm for
                  Most Lattice Problems based on {Voronoi} Cell Computations",
  journal      = ECCC,
  number       = "014",
  year         = "2010",
  note         = "To appear in {\em STOC 2010}"
}

@INPROCEEDINGS{GMY03,
    author = {Garay, Juan A and P.{Mackenzie}, Philip and Yang, Ke},
    title = {Strengthening Zero-Knowledge Protocols Using Signatures},
    pages = {177--194},
    crossref     = "EUROCRYPT2003",
    memo = {Juan A. Garay and Philip Mackenzie and Ke Yang},
}

@InProceedings{MY04:SSTC,
  author       = "{MacKenzie}, Philip and Yang, Ke",
  title        = "On Simulation-Sound Trapdoor Commitments",
  pages        = "382-400",
  crossref     = "EUROCRYPT2004",
}

@inproceedings{Gen04:SSTC,
  author    = {R.~Gennaro},
  title     = {Multi-trapdoor Commitments and Their Applications to Proofs
               of Knowledge Secure Under Concurrent Man-in-the-Middle Attacks},
  pages     = {220-236},
  crossref     = "CRYPTO2004",
  note = {The full version available at at Cryptology ePrint Archive {\tt http://eprint.iacr.org/2003/214}},
}


@InProceedings{MY08,
  author       = "Mol, Petros and Yung, Moti",
  title        = "Recovering {NTRU} Secret Key from Inversion Oracles",
  pages        = "18-36",
  crossref     = "PKC2008",
}

@inproceedings{Matsuo07,
  author       = "Matsuo, Toshihiko",
  title        = "Proxy Re-encryption Systems for Identity-Based Encryption",
  pages        = "247-267",
  crossref     = "Pairing2007",
}

@Misc{May99,
  author       = "May, Alexander",
  title        = "Cryptanalysis of {NTRU-107}",
  year         = "1999",
  note         = "Available at \url{http://www.informatik.tu-darmstadt.de/KP/alex.html}",
}

@TechReport{McEliece78,
  author       = "McEliece, Robert J.",
  title        = "A public key cryptosystem based on algebraic coding theory",
  institution  = "DSN progress report",
  year         = "1978",
  OPTkey       = {},
  OPTtype      = {},
  OPTnumber    = {},
  OPTaddress   = {},
  OPTmonth     = {},
  OPTnote      = {},
  annote       = "42-44:114--116",
}

@InProceedings{Mer89,
  author       = "Merkle, Ralph C.",
  title        = "One way hash functions and {DES}",
  pages        = "428-446",
  crossref     = "CRYPTO89",
}

@article{Mic00,
  author       = "Micciancio, Daniele",
  title        = "The shortest vector problem is {NP}-hard to
                  approximate to within some constant",
  journal      = "SIAM Journal on Computing",
  volume       = "30",
  number       = "6",
  year         = "2000",
  pages        = "2008-2035",
}

@inproceedings{Mic01b,
  author       = "Micciancio, Daniele",
  title        = "Improving Lattice Based Cryptosystems Using the
                  {Hermite} Normal Form ",
  pages        = "126-145",
  crossref     = "CaLC2001",
}

@inproceedings{Mic02Gen,
  author       = "Micciancio, Daniele",
  title        = "Generalized Compact Knapsacks, Cyclic Lattices, and
                  Efficient One-Way Functions from Worst-Case Complexity
                  Assumptions",
  pages        = "356-365",
  crossref     = "FOCS2002",
}

@article{Mic04Gen,
  author       = "Micciancio, Daniele",
  title        = "Generalized compact knapsacks, cyclic lattices, and
                  efficient one-way functions from worst-case complexity
                  assumptions",
  journal      = ECCC,
  volume       = "11",
  number       = "095",
  year         = "2004",
}

@Article{Mic04perfect,
  author       = "Micciancio, Daniele",
  title        = "Almost perfect lattices, the covering radius problem,
                  and applications to {A}jtai's connection factor",
  journal      = "SIAM Journal on Computing",
  year         = "2004",
  volume       = "34",
  number       = "1",
  pages        = "118-169",
  note         = "Preliminary version in {\em STOC 2002}, 2002.",
}

@article{Mic07Gen,
  author       = "Micciancio, Daniele",
  title        = "Generalized Compact Knapsacks, Cyclic Lattices, and
                  Efficient One-Way Functions",
  journal      = "Computational Complexity",
  volume       = "16",
  year         = "2007",
  pages        = "365-411",
  note         = "Preliminary version in {\em FOCS 2002}, 2002. See also
                  ECCC TR04-095",
}

@article{Micali00,
  author       = "Micali, Silvio",
  title        = "Computationally Sound Proofs",
  journal      = "SIAM Journal of Computing",
  volume       = "30",
  number       = "4",
  year         = "2000",
  pages        = "1253-1298",
  note         = "Preliminary version in {\em FOCS '94}, 1994",
}

@Misc{Mir01,
  author       = "Mironov, Ilya",
  title        = "A Note on Cryptanalysis of the Preliminary Version of
                  the {NTRU} Signature Scheme",
  howpublished = "Cryptology ePrint Archive, Report 2001/005",
  year         = "2001",
  url          = "http://eprint.iacr.org/2001/005",
}

@InProceedings{NFT09:UCCom,
  author       = "Nishimaki, Ryo and Fujisaki, Eiichiro and Tanaka, Keisuke",
  title        = "Efficient Non-interactive Universally Composable
                  String-Commitment Schemes",
  crossref     = "ProvSec2009",
  pages        = "3-18",
}

@article{FFX14:NMMPKE,
  author    = {Atsushi Fujioka and
               Eiichiro Fujisaki and
               Keita Xagawa},
  title     = {Non-malleable Multiple Public-Key Encryption},
  journal   = {{IEICE} Transactions},
  volume    = {97-A},
  number    = {6},
  pages     = {1318--1334},
  year      = {2014},
}

@article{Fuj12:RingSig,
  author    = {Eiichiro Fujisaki},
  title     = {Sub-Linear Size Traceable Ring Signatures without Random Oracles},
  journal   = {{IEICE} Transactions},
  volume    = {95-A},
  number    = {1},
  pages     = {151--166},
  year      = {2012},
}

@article{NFT12:UCCom,
  author    = {Ryo Nishimaki and
               Eiichiro Fujisaki and
               Keisuke Tanaka},
  title     = {An Efficient Non-interactive Universally Composable String-Commitment
               Scheme},
  journal   = {IEICE Transactions},
  volume    = {95-A},
  number    = {1},
  year      = {2012},
  pages     = {167-175},
}

@inproceedings{NFT10,
 author     = {R.~Nishimaki and E.~Fujisaki and K.~Tanaka},
 title      = {A Multi-Trapdoor Commitment Scheme from the RSA Assumption},
pages       = {182--199},
  crossref     = "ACISP2010",
}

@article{NFT12:MTCom,
  author    = {Ryo Nishimaki and
               Eiichiro Fujisaki and
               Keisuke Tanaka},
  title     = {A Multi-Trapdoor Commitment Scheme from the RSA Assumption},
  journal   = {IEICE Transactions},
  volume    = {95-A},
  number    = {1},
  year      = {2012},
  pages     = {176-184},
}

@article{FS08:RingSig,
  author    = {Eiichiro Fujisaki and
               Koutarou Suzuki},
  title     = {Traceable Ring Signature},
  journal   = {{IEICE} Transactions},
  volume    = {91-A},
  number    = {1},
  pages     = {83--93},
  year      = {2008},
}

@Article{NIKM08,
  author       = "Nojima, Ryo and Imai, Hideki and Kobara, Kazukuni and
                  Morozov, Kirill",
  title        = "Semantic security for the {McEliece} cryptosystem
                  without random oracles",
  journal      = "Designs, Codes and Cryptography",
  year         = "2008",
  volume       = "49",
  number       = "1-3",
  pages        = "289-305",
}

@inproceedings{NIT08wROM,
  author       = "Numayama, Akira and Isshiki, Toshiyuki and Tanaka, Keisuke",
  title        = "Security of Digital Signature Schemes in Weakened
                  Random Oracle Models",
  pages        = "268-287",
  crossref     = "PKC2008",
}

@InProceedings{NMKM09:TRE-PC,
  author       = "Nakai, Yasumasa and Matsuda, Takahiro and Kitada,
                  Wataru and Matsuura, Kanta",
  title        = "Efficient Generic Constructions of Timed-Release
                  Encryption with Pre-open Capability",
  crossref     = "IWSEC2009",
  pages        = "53-70",
}

@inproceedings{NP02,
  author       = "Nguyen, Phong Q.",
  title        = "Analysis and Improvements of {NTRU} Encryption Paddings",
  pages        = "210-225",
  crossref     = "CRYPTO2002",
}

@inproceedings{NR06,
  author       = "Nguyen, Phong Q. and Regev, Oded",
  title        = "Learning a Parallelepiped: Cryptanalysis of {GGH} and
                  {NTRU} Signatures",
  pages        = "271-288",
  crossref     = "EUROCRYPT2006",
}

@inproceedings{NS01TwoFaces,
  author       = "Nguyen, Phong Q. and Stern, Jacques",
  title        = "The Two Faces of Lattices in Cryptology",
  pages        = "146-180",
  crossref     = "CaLC2001",
}

@inproceedings{NS05Density,
  author       = "Nguyen, Phong Q. and Stern, Jacques",
  title        = "Adapting Density Attacks to Low-Weight Knapsacks",
  pages        = "41-58",
  crossref     = "ASIACRYPT2005",
}

@article{Nao91:PRG,
  author ={M.~Naor},
  title  ={Bit Commitment Using Pseudorandomness},
  pages  ={151--158},
  volume ={4},
  journal= JOC,
  year   ={1991}
}


@article{NS12:LR,
  author    = {Moni Naor and
               Gil Segev},
  title     = {Public-Key Cryptosystems Resilient to Key Leakage},
  journal   = {{SIAM} J. Comput.},
  year      = {2012},
  volume    = {41},
  number    = {4},
  pages     = {772--814},
  doi       = {10.1137/100813464},
}

@inproceedings{NS09:LR,
  author       = "Naor, Moni and Segev, Gil",
  title        = "Public-Key Cryptosystems Resilient to Key Leakage",
  pages        = "18-35",
  crossref     = "CRYPTO2009",
}

@inproceedings{NS98:AD,
  author       = "Nguyen, Phong Q. and Stern, Jacques",
  title        = "Cryptanalysis of the {A}jtai-{D}work Cryptosystem.",
  pages        = "223-242",
  crossref     = "CRYPTO98",
}

@InProceedings{NSW03,
  author       = "N{\"a}slund, Mats and Shparlinski, Igor E. and Whyte,
                  William",
  title        = "On the Bit Security of {NTRUEncrypt}",
  pages        = "62-70",
  crossref     = "PKC2003",
}

@Misc{NTRUDraft,
  author       = "Whyte, William and Howgrave-Graham, Nick and Hoffstein,
                  Jeff and Pipher, Jill and Silverman, Joseph H. and
                  Hirschhorn, Phil",
  title        = "{IEEE P1363.1/D12} Draft Standard for Public-Key
                  Cryptographic Techniques Based on Hard Problems over Lattices",
  month        = "October",
  year         = "2008",
  note         = "Available at \url{http://grouper.ieee.org/groups/1363/lattPK/}"
}

@TechReport{NTRUTR011v2,
  author       = "Silverman, Joseph H.",
  title        = "Wraps, Gaps, and Lattice Constants",
  institution  = "NTRU Cryptosystems",
  year         = "2001",
  number       = "11, version 2",
  note         = "Available at \url{http://www.ntru.com/cryptolab/tech_notes.htm}",
}

@article{NV08Sieve,
  author       = "Nguyen, Phong Q. and Vidick, Thomas",
  title        = "Sieve Algorithms for the Shortest Vector Problem Are Practical",
  journal      = "Journal of Mathematical Cryptology",
  volume       = "2",
  number       = "2",
  year         = "2008",
  pages        = "181-207",
}

@Misc{NWO09wROM,
  author       = "Naito, Yusuke and Wang, Lei and Ohta, Kazuo",
  title        = "How to Construct Cryptosystems and Hash Functions in
                  Weakenend Random Oracle Models",
  year         = "2009",
  howpublished = "Cryptology ePrint Archive, Report 2009/550",
  url          = "http://eprint.iacr.org/2009/550",
}

@inproceedings{NY90:CCA1,
  author       = "Naor, Moni and Yung, Moti",
  title        = "Public-key cryptosystems provably secure against
                  chosen ciphertext attacks ",
  pages        = "427-437",
  crossref     = "STOC90",
}

@inproceedings{NY89,
  author       = "Naor, Moni and Yung, Moti",
  title        = "Universal One-Way Hash Functions and their
                  Cryptographic Applications",
  pages        = "33-43",
  crossref     = "STOC89",
}

@InProceedings{Nas96,
  author       = "N{\"a}slund, Mats",
  title        = "All Bits in $ax + b \bmod{p}$ are Hard (Extended Abstract)",
  pages        = "114-128",
  crossref     = "CRYPTO96",
}

@Article{Neumann51,
  author       = "von Neumann, John",
  title        = "Various techniques used in connection with random
                  digits. {Monte Carlo} methods",
  journal      = "Nat. Bureau Standards",
  year         = "1951",
  volume       = "12",
  pages        = "36-38",
}

@inproceedings{Ngu99GGH,
  author       = "Nguyen, Phong Q.",
  title        = "Cryptanalysis of the {Goldreich}-{Goldwasser}-{Halevi}
                  Cryptosystem from {Crypto} '97.",
  pages        = "288-304",
  crossref     = "CRYPTO99",
}

@PhdThesis{Nie03:phd,
  author       = "Nielsen, Jesper Buus",
  title        = "On Protocol Security in the Cryptographic Model",
  school       = "the University of Aarhus",
  year         = "2003",
}

@inproceedings{Nielsen02,
  author       = "Nielsen, Jesper Buus",
  title        = "Separating Random Oracle Proofs from Complexity Theory
                  Proofs: The Non-Committing Encryption Case",
  pages        = "111-126",
  crossref     = "CRYPTO2002",
}

@inproceedings{OO98,
  author       = "Ohta, Kazuo and Okamoto, Tatsuaki",
  title        = "On Concrete Security Treatment of Signatures Derived
                  from Identification",
  pages        = "354-369",
  crossref     = "CRYPTO98",
}

@inproceedings{OP01REACT,
  author       = "Okamoto, Tatsuaki and Pointcheval, David",
  title        = "{REACT}: Rapid Enhanced-Security Asymmetric
                  Cryptosystem Transform",
  pages        = "159-175",
  crossref     = "CTRSA2001",
}

@InBook{OS08PQC,
  author       = "Overbeck, Raphael and Sendrier, Nicolas",
  title        = "Post-Quantum Cryptography",
  publisher    = springer,
  chapter      = "Code-based Cryptography",
  year         = "2008",
  pages        = "95-145",
}

@InProceedings{OTU00,
  author       = "Okamoto, Tatsuaki and Tanaka, Keisuke and Uchiyama, Shigenori",
  title        = "Quantum Public-Key Cryptosystems",
  pages        = "147-165",
  crossref     = "CRYPTO2000",
}

@inproceedings{OT10,
  author    = {Tatsuaki Okamoto and Katsuyuki Takashima},
  title     = {Fully Secure Functional Encryption with General Relations
               from the Decisional Linear Assumption},
  pages     = {191-208},
  crossref  = "CRYPTO2010",
}


@inproceedings{PJH03,
  author       = "Paeng, {S}eong-{H}un and Jung, Bae Eun and Ha, {K}il-{C}han",
  title        = "A Lattice Based Public Key Cryptosystem Using
                  Polylnomial Representations",
  pages        = "292-308",
  crossref     = "PKC2003",
}

@Article{PP03,
  author       = "Pointcheval, David and Poupard, Guillaume",
  title        = "A New {NP}-Complete Problem and Public-Key Identification",
  journal      = "Designs, Codes and Cryptography",
  year         = "2003",
  volume       = "28",
  number       = "1",
  pages        = "5-31",
  month        = "January",
}

@inproceedings{PR06:WA,
  author       = "Peikert, Chris and Rosen, Alon",
  title        = "Efficient Collision-Resistant Hashing from Worst-Case
                  Assumptions on Cyclic Lattices",
  pages        = "145-166",
  crossref     = "TCC2006",
}

@InProceedings{PR07:Lat,
  author       = "Peikert, Chris and Rosen, Alon",
  title        = "Lattices that Admit Logarithmic Worst-Case to
                  Average-Case Connection Factors",
  pages        = "478-487",
  crossref     = "STOC2007",
}

@InProceedings{PRS09,
  author       = "Plantard, Thomas and Rose, Michael and Susilo, Willy",
  title        = "Improvement of Lattice-Based Cryptography using {CRT}",
  pages        = "275-282",
  crossref     = "QuantumComm2009",
}

@inproceedings{PS96,
  author       = "Pointcheval, David and Stern, Jacques",
  title        = "Security Proofs for Signature Schemes",
  pages        = "387-398",
  crossref     = "EUROCRYPT96",
}

@inproceedings{PV07wROM,
  author       = "Pasini, Sylvain and Vaudenay, Serge",
  title        = "Hash-and-Sign with Weak Hashing Made Secure",
  pages        = "338-354",
  crossref     = "ACISP2007",
}

@InProceedings{PV08:NISZK,
  author       = "Peikert, Chris and Vaikuntanathan, Vinod",
  title        = "Non-Interactive Statistical Zero-knowledge for Lattice
                  Problems",
  pages        = "536-553",
  crossref     = "CRYPTO2008",
}

@InProceedings{PVW08:OT,
  author       = "Peikert, Chris and Vaikuntanathan, Vinod and Waters, Brent",
  title        = "A Framework for Efficient and Composable Oblivious Transfer",
  pages        = "554-571",
  crossref     = "CRYPTO2008",
}

@article{PW07,
  author       = "Peikert, Chris and Waters, Brent",
  title        = "Lossy Trapdoor Functions and Their Applications",
  journal      = ECCC,
  volume       = "14",
  number       = "080",
  year         = "2007",
}

@InProceedings{PW08:Lossy,
  author       = "Peikert, Chris and Waters, Brent",
  title        = "Lossy Trapdoor Functions and Their Applications",
  pages        = "187-196",
  crossref     = "STOC2008",
}

@Misc{Pei09Bonsai,
  author       = "Peikert, Chris",
  title        = "Bonsai Trees (or, Arboriculture in Lattice-Based Cryptography)",
  year         = "2009",
  howpublished = "Cryptology ePrint Archive: Report 2009/359",
  note         = "To appear in {\em EUROCRYPT 2010} as Cash, Hofheinz,
                  Kiltz, and Peikert ``Bonsai Trees, or How to Delegate
                  a Lattice Basis.''",
  url          = "http://eprint.iacr.org/2009/359",
}

@InProceedings{Pei09PKE,
  author       = "Peikert, Chris",
  title        = "Public-key cryptosystems from the worst-case shortest
                  vector problem: extended abstract",
  OPTpages     = "333-342",
  crossref     = "STOC2009",
  annote       = "http://eprint.iacr.org/2008/481",
}

@Misc{Pei09Personal,
  author       = "Peikert, Chris",
  month        = "February",
  year         = "2009",
  note         = "Personal Communications",
}

@Article{Peikert06,
  author       = "Peikert, Chris",
  title        = "Limits on the Hardness of Lattice Problems in $l_p$ Norms",
  journal      = ECCC,
  number       = "148",
  year         = "2006",
}

@InProceedings{Peikert07,
  author       = "Peikert, Chris",
  title        = "Limits on the Hardness of Lattice Problems in $l_p$ Norms",
  crossref     = "CCC2007",
  pages        = "333-346",
  note         = "See also ECCC TR06-148",
}

@Article{Peikert08,
  author       = "Peikert, Chris",
  title        = "Limits on the Hardness of Lattice Problems in $l_p$ Norms",
  journal      = "Computational Complexity",
  year         = "2008",
  volume       = "17",
  number       = "2",
  pages        = "300-351",
  month        = "May",
  note         = "Preliminary version in {\em CCC 2007}, 2007",
}


@Article{Per92,
  author       = "Peralta, Ren{\'e}",
  title        = "On the Distribution of Quadratic Residues and
                  Nonresidues Modulo a Prime Number",
  journal      = "Mathematics of Computation",
  year         = "1992",
  volume       = "58",
  number       = "197",
  pages        = "433-440",
  month        = "January",
}

@InProceedings{QWSMW06,
  author       = "Qin, Bo and Wu, Qianhong and Susilo, Willy and Mu, Yi
                  and Wang, Yumin",
  title        = "Zero-Knowledge Proof of Generalized Compact Knapsacks
                  (or A Novel Identification/Signature Scheme)",
  pages        = "531-540",
  crossref     = "ATC2006",
}

@misc{R92MD5,
  title        = "The {MD5} Message-Digest Algorithm",
  author       = "Rivest, Ronald L.",
  howpublished = "Internet Request for Comments",
  month        = "April",
  year         = "1992",
  note         = "RFC 1321",
}

@Inproceedings{RR06,
  author       = "Regev, Oded and Rosen, Ricky",
  title        = "Lattice Problems and Norm Embeddings",
  pages        = "447-456",
  crossref     = "STOC2006",
}

@Inproceedings{RS04,
  author       = "Rogaway, Phillip and Shrimpton, Thomas",
  title        = "Cryptographic Hash-Function Basics: Definitions,
                  Implications, and Separations for Preimage Resistance,
                  Second-Preimage Resistance, and Collision Resistance",
  pages        = "371-388",
  crossref     = "FSE2004",
}

@Misc{RS08Cor,
  author       = "Rosen, Alon and Segev, Gil",
  title        = "Chosen-Ciphertext Security via Correlated Products",
  howpublished = "Cryptology ePrint Archive, Report 2008/116",
  year         = "2008",
  url          = "http://eprint.iacr.org/2008/116",
}

@Inproceedings{RS09Cor,
  author       = "Rosen, Alon and Segev, Gil",
  title        = "Chosen-Ciphertext Security via Correlated Products",
  pages        = "419-436",
  crossref     = "TCC2009",
}

@Article{RSA78,
  author       = "Rivest, Ronald {L}. and Shamir, Adi and Adleman,
                  Leonard {M}.",
  title        = "A Method for Obtaining Digital Signatures and
                  Public-Key Cryptosystems",
  journal      = "Communications of the ACM",
  year         = "1978",
  month        = "Febrary",
  volume       = "21",
  number       = "2",
  pages        = "120--126",
}

@PhdThesis{Rap04,
  author       = "Rappe, D{\"o}rte",
  title        = "Homomorphic Cryptosystems and Their Applications",
  school       = "University of Dortmund",
  year         = "2004",
  note         = "Also available at \url{http://eprint.iacr.org/2006/001}",
}

@inproceedings{Reg03a,
  author       = "Regev, Oded",
  title        = "New lattice based cryptographic constructions",
  pages        = "407-416",
  crossref     = "STOC2003",
  ee           = "http://doi.acm.org/10.1145/780542.780603",
}

@article{Reg04,
  author       = "Regev, Oded",
  title        = "New lattice-based cryptographic constructions",
  journal      = "Journal of the ACM",
  volume       = "51",
  number       = "6",
  year         = "2004",
  pages        = "899-942",
  ee           = "http://doi.acm.org/10.1145/1039490",
  note         = "Preliminary version in {\em STOC 2003}, 2003.",
}

@Misc{Reg04Lect,
  author       = "Regev, Oded",
  title        = "Lattices in Computer Science",
  howpublished = "Lecture Notes",
  OPTmonth     = {},
  year         = "2004",
  note         = "Available at \url{http://www.cs.tau.ac.il/~odedr/teaching/lattices_fall_2004/}",
}

@inproceedings{Reg05,
  author       = "Regev, Oded",
  title        = "On lattices, learning with errors, random linear codes,
                  and cryptography",
  pages        = "84-93",
  crossref     = "STOC2005",
}

@InProceedings{Reg06,
  author       = "Regev, Oded",
  title        = "Lattice-Based Cryptography",
  pages        = "131-141",
  crossref     = "CRYPTO2006",
}

@article{Reg09,
  author       = "Regev, Oded",
  title        = "On lattices, learning with errors, random linear codes,
                  and cryptography",
  journal      = "Journal of the ACM",
  volume       = "56",
  number       = "6",
  pages        = "Article 34",
  year         = "2009",
  note         = "Preliminary version in {\em STOC 2005}, 2005.",
}

@inproceedings{Rompel90,
  author       = "Rompel, John",
  title        = "One-Way Functions are Necessary and Sufficient for
                  Secure Signatures",
  pages        = "387-394",
  crossref     = "STOC90",
}

@Book{Roth-ICT,
  author       = "Roth, Ron M.",
  title        = "Introduction to Coding Theory",
  publisher    = "Cambridge University Press",
  year         = "2006",
  OPTkey       = {},
  OPTvolume    = {},
  OPTnumber    = {},
  OPTseries    = {},
  OPTaddress   = {},
  OPTedition   = {},
  OPTmonth     = {},
  OPTnote      = {},
  OPTannote    = {}
}

@Misc{Ruc10LSig,
  author       = "R{\"u}ckert, Markus",
  title        = "Strongly Unforgeable Signatures and Hierarchical
                  Identity-based Signatures from Lattices without Random
                  Oracles",
  year         = "2010",
  howpublished = "Cryptology ePrint Archive, Report 2010/070",
  note         = "To appear in {\em PQCrypto 2010}",
  url          = "http://eprint.iacr.org/2010/070",
}

@inproceedings{SC09PKC,
  author       = "Shao, Jun and Cao, Zhenfu",
  title        = "{CCA}-Secure Proxy Re-Encryption without Pairings",
  pages        = "357-376",
  crossref     = "PKC2009",
}

@Misc{SCL10PRE,
  author       = "Shao, Jun and Cao, Zhenfu and Liu, Peng",
  title        = "{CCA}-Secure {PRE} Scheme without Random Oracles",
  year         = "2010",
  howpublished = "Cryptology ePrint Archive, Report 2010/112",
  url          = "http://eprint.iacr.org/2010/112",
  note         = "Available at \url{http://eprint.iacr.org/2010/112}",
}

@article{SCM01,
  author       = "Sol{\'e}, Patrick and Charnes, Chris and Martin, Bruno",
  title        = "A lattice-based {McEliece} scheme for encryption and signature",
  journal      = "Electronic Notes in Discrete Mathematics",
  volume       = "6",
  month        = "April",
  year         = "2001",
  pages        = "402-411",
  note         = "The Proceedings of International Workshop on Coding
                  and Cryptography 2001",
}

@misc{SHA-1,
  author       = "{National Institute of Standards and Technology}",
  title        = "Secure Hash Standard",
  howpublished = "FIPS 180-2",
  month        = "August",
  year         = "2002",
}

@InProceedings{SOK00,
  author       = "Sakai, Ryuichi and Ohgishi, Kiyoshi and Kasahara, Masao",
  title        = "Cryptosystems based on pairing",
  booktitle    = "SCIS 2000",
  year         = "2000",
  address      = "Okinawa, Japan",
  month        = "January",
}

@InProceedings{SOK01,
  author       = "Sakai, Ryuichi and Ohgishi, Kiyoshi and Kasahara, Masao",
  title        = "Cryptosystems based on pairing over elliptic curve (in
                  Japanese)",
  booktitle    = "SCIS 2001",
  year         = "2001",
  address      = "Oiso, Japan",
  month        = "January",
}

@Misc{SS09Personal,
  author       = "Stehl{\'e}, Damien and Steinfeld, Ron",
  month        = "August",
  year         = "2009",
  note         = "Personal Communications",
}

@inproceedings{SSTX09Ideal,
  author       = "Stehl{\'e}, Damien and Steinfeld, Ron and Tanaka,
                  Keisuke and Xagawa, Keita",
  title        = "Efficient Public Key Encryption Based on Ideal Lattices",
  pages        = "617-635",
  crossref     = "ASIACRYPT2009",
}

@inproceedings{ST01Sig,
  author       = "Shamir, Adi and Tauman, Yael",
  title        = "Improved Online/Offline Signature Schemes",
  pages        = "355-367",
  crossref     = "CRYPTO2001",
}

@Misc{SV09Hom,
  author       = "Smart, Nigel P. and Vercauteren, Frederik",
  title        = "Fully Homomorphic Encryption with Relatively Small Key
                  and Ciphertext Sizes",
  year         = "2009",
  howpublished = "Cryptology ePrint Archive, Report 2009/571",
  url          = "http://eprint.iacr.org/2009/571",
  note         = "To appear in {\em PKC 2010}, 2010",
}

@article{Sch87,
  author       = "Schnorr, Claus-Peter",
  title        = "A hierarchy of polynomial time lattice basis reduction
                  algorithms",
  journal      = "Theoretical Computer Science",
  volume       = "53",
  number       = "2-3",
  year         = "1987",
  pages        = "201-224",
}

@article{Sch91,
  author       = "Schnorr, Claus-Peter",
  title        = "Efficient Signature Generation by Smart Cards",
  journal      = "Journal of Cryptology",
  volume       = "4",
  number       = "3",
  year         = "1991",
  pages        = "161-174",
}

@article{Shamir84,
  author       = "Shamir, Adi",
  title        = "A polynomial-time algorithm for breaking the basic
                  {Merkle}-{Hellman} cryptosystem",
  journal      = "IEEE Transactions on Information Theory",
  volume       = "30",
  number       = "5",
  year         = "1984",
  pages        = "699-704",
}

@Inproceedings{Shamir84ID,
  author       = "Shamir, Adi",
  title        = "Identity-Based Cryptosystems and Signature Schemes",
  pages        = "47-53",
  crossref     = "CRYPTO84",
}

@Unpublished{Shamir86,
  author       = "Shamir, Adi",
  title        = "A Zero-Knowledge Proof for Knapsacks",
  note         = "Presented at a workshop on Probabilistic Algorithms, Marseille",
  month        = "March",
  year         = "1976",
}

@Inproceedings{Shamir89,
  author       = "Shamir, Adi",
  title        = "An Efficient Identification Scheme Based on Permuted
                  Kernels (Extended Abstract)",
  pages        = "606-609",
  crossref     = "CRYPTO89",
}

@Misc{ShaoPRbib,
  author       = "Shao, Jun",
  title        = "Bibliography on Proxy Re-Cryptography",
  howpublished = "Web page",
  month        = "September",
  year         = "2010",
  note         = "\url{http://tdt.sjtu.edu.cn/~jshao/prcbib.htm}, last
                  accessed 2010-09-12",
}

@article{Shor97,
  author       = "Shor, Peter W.",
  title        = "Polynomial-Time Algorithms for Prime Factorization and
                  Discrete Logarithms on a Quantum Computer",
  year         = "1997",
  journal      = "SIAM Journal on Computing",
  volume       = "26",
  number       = "5",
  pages        = "1484-1509",
  publisher    = "SIAM",
  doi          = "10.1137/S0097539795293172",
}

@Book{Shoup-NTB,
  author       = "Shoup, Victor",
  title        = "A Computational Introduction to Number Theory and Algebra",
  publisher    = "Cambridge University Press",
  year         = "2008",
  edition      = "second",
}

@inproceedings{Shoup00,
  author       = "Shoup, Victor",
  title        = "Using Hash Functions as a Hedge against Chosen
                  Ciphertext Attack",
  pages        = "275-288",
  crossref     = "EUROCRYPT2000",
}

@Unpublished{Shoup06,
  author       = "Shoup, Victor",
  title        = "Sequences of Games: A Tool for Taming Complexity in
                  Security Proofs",
  note         = "manuscript, 2004, 2006. Available at \url{http://shoup.net/papers/}",
}

@InProceedings{Simmons91,
  author       = "Simmons, G. J.",
  title        = "Identification of data, devices, documents and individuals",
  pages        = "197-218",
  booktitle    = "Security Technology, 1991. Proceedings. 25th Annual
                  1991 IEEE International Carnahan Conference on",
  month        = "Oct",
  year         = "1991",
}

@MastersThesis{Sjoedin03MT,
  author       = "Sj{\"o}din, Johan",
  title        = "Bilinear Hard-Core Functions and List-Decoding",
  school       = "Royal Institute of Technology",
  year         = "2003",
}

@inproceedings{Stern94,
  author       = "Stern, Jacques",
  title        = "Designing Identification Schemes with Keys of Short Size",
  pages        = "164-173",
  crossref     = "CRYPTO94",
}

@article{Stern96,
  author       = "Stern, Jacques",
  title        = "A New Paradigm for Public Key Identification",
  journal      = "IEEE Transactions on Information Theory",
  volume       = "42",
  number       = "6",
  month        = "November",
  year         = "1996",
  pages        = "749-765",
  note         = "Preliminary version in {\em CRYPTO '93}, 1993.",
}

@inproceedings{Szy03,
  author       = "Michael Szydlo",
  title        = "Hypercubic Lattice Reduction and Analysis of {GGH} and
                  {NTRU} Signatures",
  pages        = "433-448",
  crossref     = "EUROCRYPT2003",
}

@inproceedings{THJ08,
  author       = "Tang, Qiang and Hartel, Pieter and Jonker, Willem",
  title        = "Inter-domain Identity-Based Proxy Re-encryption",
  pages        = "332-347",
  crossref     = "INSCRYPT2008",
}

@inproceedings{Tang08,
  author       = "Tang, Qiang",
  title        = "Type-Based Proxy Re-encryption and Its Construction",
  pages        = "130-144",
  crossref     = "INDOCRYPT2008",
}

@Inproceedings{Tro01,
  author       = "Trolin, M{\aa}rten",
  title        = "The Shortest Vector Problem in Lattices with Many Cycles",
  pages        = "194-205",
  crossref     = "CaLC2001",
}

@InProceedings{VV08:CNM,
  author       = "Ventre, Carmine and Visconti, Ivan",
  title        = "Completely Non-Malleable Encryption Revisited",
  crossref     = "PKC2008",
  pages        = "65-84",
}

@InProceedings{Vats08CTRU,
  author       = "Vats, Nitin",
  title        = "Algebraic Cryptanalysis of {CTRU} Cryptosystem",
  pages        = "235-244",
  crossref     = "COCOON2008",
}

@Inproceedings{WCWW04,
  author       = "Wu, Qianhong and Chen, Xiaofeng and Wang, Changjie and
                  Wang, Yumin",
  title        = "Shared-Key Signature and Its Application to Anonymous
                  Authentication in Ad Hoc Group",
  pages        = "330-341",
  crossref     = "ISC2004",
}

@Misc{WCYDCB10,
  author       = "Weng, Jian and Chen, Minrong and Yang, Yanjiang and
                  Deng, Robert H. and Chen, Kefei and Bao, Feng",
  title        = "{CCA}-Secure Unidirectional Proxy Re-Encryption in the
                  Adaptive Corruption Model without Random Oracles",
  year         = "2010",
  howpublished = "Cryptology ePrint Archive, Report 2010/265",
  url          = "http://eprint.iacr.org/2010/265",
  note         = "Available at \url{http://eprint.iacr.org/2010/265}",
}

@inproceedings{WWMO10,
  author       = "Wang, Lihua and Wang, Licheng and Mambo, Masahiro and
                  Okamoto, Eiji",
  title        = "New Identity-Based Proxy Re-encryption Schemes to
                  Prevent Collusion Attacks",
  pages        = "327-346",
  crossref     = "PAIRING2010",
}

@inproceedings{WY05MD5,
  author       = "Wang, Xiaoyun and Yu, Hongbo",
  title        = "How to Break {MD5} and Other Hash Functions",
  pages        = "19-35",
  crossref     = "EUROCRYPT2005",
}

@Article{WY10,
  author       = "Wang, Xu An and Yang, Xiaoyuan",
  title        = "On the Insecurity of an Identity Based Proxy
                  Re-encryption Scheme",
  journal      = "Fundamenta Informaticae",
  year         = "2010",
  volume       = "98",
  number       = "2-3",
  pages        = "277-281",
  publisher    = "IOS Press",
  note         = "http://grouper.ieee.org/groups/1363/IBC/contributions/PRE-InsecurityPPT-2009-06.pdf",
}

@inproceedings{WYY05SHA1,
  author       = "Wang, Xiaoyun and Yin, Yiqun Lisa and Yu, Hongbo",
  title        = "Finding Collisions in the Full {SHA-1}",
  pages        = "17-36",
  crossref     = "CRYPTO2005",
}

@Misc{WZH11Attack,
  author       = "Weng, Jian and Zhao, Yunlei and Hanaoka, Goichiro",
  title        = "On the Security of a Bidirectional Proxy Re-Encryption
                  Scheme from {PKC} 2010",
  year         = "2010",
  _howpublished= "Cryptology ePrint Archive, Report 2010/319",
  url          = "http://eprint.iacr.org/2010/319",
  note         = "To appear PKC 2011. The older version is available at
                  \url{http://eprint.iacr.org/2010/319}",
}

@Article{Wat09:QuantumZK,
  author       = "Watrous, John",
  title        = "Zero-Knowledge Against Quantum Attacks",
  journal      = "SIAM Journal on Computing",
  year         = "2009",
  volume       = "39",
  number       = "1",
  pages        = "25-58",
  note         = "A preliminary version appeared in STOC 2006, 2006",
}

@InProceedings{Wee05,
  author       = "Wee, Hoeteck",
  title        = "On obfuscating point functions",
  crossref     = "STOC2005",
  pages        = "523-532",
}

@InProceedings{XT08Sig,
  author       = "Xagawa, Keita and Tanaka, Keisuke",
  title        = "A Compact Signature Scheme with Ideal Lattice
                  (Extended Abstract)",
  booktitle    = "SCIS 2008",
  year         = "2008",
  month        = "January",
}

@inproceedings{XT09NTRU,
  author       = "Xagawa, Keita and Tanaka, Keisuke",
  title        = "Zero-Knowledge Protocols for {NTRU}: Application to
                  Identification and Proof of Plaintext Knowledge",
  pages        = "198-213",
  crossref     = "ProvSec2009",
}

@Misc{XT10PRE,
  author       = "Xagawa, Keita and Tanaka, Keisuke",
  title        = "Proxy Re-Encryption based on Learning with Errors",
  howpublished = "SCIS 2010",
  year         = "2010",
}

@InProceedings{YCWDW07,
  author       = "Yang, Guomin and Chen, Jing and Wong, Duncan {S}. and
                  Deng, Xiaotie and Wang, Dongsheng",
  title        = "A More Natural Way to Construct Identity-Based
                  Identification Schemes",
  pages        = "307-322",
  crossref     = "ACNS2007",
}

@Misc{ZCL09Attack,
  author       = "Zhang, Xi and Chen, Min-Rong and Li, Xia",
  title        = "Comments on {Shao}--{Cao}'s Unidirectional Proxy
                  Re-Encryption Scheme from {PKC} 2009",
  year         = "2009",
  howpublished = "Cryptology ePrint Archive, Report 2009/344",
  url          = "http://eprint.iacr.org/2009/344",
  note         = "Available at \url{http://eprint.iacr.org/2009/344}",
}

@article{vD02,
  author       = "van Dam, Wim",
  title        = "Quantum Algorithms for Weighing Matrices and Quadratic
                  Residues",
  journal      = "Algorithmica",
  volume       = "34",
  number       = "4",
  year         = "2002",
  pages        = "413-428",
  ee2          = "arXiv:quant-ph/0008059",
}

@Misc{vDGHV09Hom,
  author       = "van Dijk, Marten and Gentry, Craig and Halevi, Shai
                  and Vaikuntanathan, Vinod",
  title        = "Fully Homomorphic Encryption over the Integers",
  year         = "2009",
  howpublished = "Cryptology ePrint Archive, Report 2009/615",
  url          = "http://eprint.iacr.org/2009/616",
}

@InProceedings{vDHI03,
  author       = "van Dam, Wim and Hallgren, Sean and Ip, Lawrence",
  title        = "Quantum algorithms for some hidden shift problems",
  crossref     = "SODA2003",
  pages        = "489-498",
  note         = "[arXiv:quant-ph/0211140]",
}

@TechReport{vEB81,
  author       = "van Emde Boas, Peter",
  title        = "Another {NP}-complete partition problem and the
                  complexity of computing short vectors in a lattice",
  institution  = "Mathematische Instituut, University of Amsterdam",
  year         = "1981",
  number       = "MI-UvA-81-04",
  note         = "Available at \url{http://staff.science.uva.nl/~peter/vectors/mi8104c.html}",
}

@Article{KSK11:ImpSCCA,
  author       = "Kawai, Yutaka and Sakai, Yusuke and Kunihiro, Noboru",
  title        = "On the (Im)possibility Results for Strong Attack
                  Models for Public Key Cryptsystems",
  journal      = "Journal of Internet Services and Information Security",
  year         = "2011",
  volume       = "1",
  number       = "2/3",
  pages        = "125-139",
}

%%%

@inproceedings{BS99:NME,
  author =       {M.~Bellare and A.~Sahai},
  title =        {Non-Malleable Encryption: Equivalence between Two Notions, and an Indistinguishability-Based Characterization},
  crossref =    {CRYPTO99},
  pages    = {519-536},
}

@techreport{BS06:NME,
  author =       {M.~Bellare and A.~Sahai},
  title =        {Non-Malleable Encryption: Equivalence between Two Notions, and an Indistinguishability-Based Characterization},
  note  =        {http://eprint.iacr.org/2006/228/},
  institution =    {IACR},
  year =         {2006},
}

@inproceedings{NS09:LR,
  author    = {Moni Naor and
               Gil Segev},
  title     = {Public-Key Cryptosystems Resilient to Key Leakage},
  crossref  = {CRYPTO2009},
  pages     = {18-35},
}

@inproceedings{NTY11:LR,
  author    = {Hitoshi Namiki and
               Keisuke Tanaka and
               Kenji Yasunaga},
  title     = {Randomness Leakage in the KEM/DEM Framework},
  booktitle = {ProvSec},
  year      = {2011},
  pages     = {309-323},
  publisher = {Springer},
  series    = {Lecture Notes in Computer Science},
  volume    = {6980},
}

@article{Hof12:ABM,
  author    = {Dennis Hofheinz},
  title     = {All-But-Many Lossy Trapdoor Functions},
  journal   = {IACR Cryptology ePrint Archive},
  volume    = {2011},
  year      = {2011},
  pages     = {230},
  ee        = {http://eprint.iacr.org/2011/230},
  note = {(last revised 18 Mar 2013)}
}

@inproceedings{Hof12e:ABM,
  author    = {Dennis Hofheinz},
  title     = {All-But-Many Lossy Trapdoor Functions},
  pages     = {209-227},
  crossref  = {EUROCRYPT2012},
  note = {(last revised 18 Mar 2013 at http://eprint.iacr.org/2011/230)},
}

@inproceedings{HO12a:HPStoLTF,
  author    = {Brett Hemenway and
               Rafail Ostrovsky},
  title     = {Extended-DDH and Lossy Trapdoor Functions},
  pages     = {627-643},
  crossref  = "PKC2012",
}

@inproceedings{HLOV11:SOA,
  author    = {Brett Hemenway and
               Beno\^{\i}t Libert and
               Rafail Ostrovsky and
               Damien Vergnaud},
  title     = {Lossy Encryption: Constructions from General Assumptions
               and Efficient Selective Opening Chosen Ciphertext Security},
  pages     = {70-88},
  crossref  = "ASIACRYPT2011",
}

@inproceedings{HO12b:HomtoLTForHPS,
  author    = {Brett Hemenway and
               Rafail Ostrovsky},
  title     = {On Homomorphic Encryption and Chosen-Ciphertext Security},
  pages     = {52-65},
  crossref  = "PKC2012",
}

@article{HO10:,
  author    = {Brett Hemenway and
               Rafail Ostrovsky},
  title     = {Homomorphic Encryption Over Cyclic Groups Implies Chosen-Ciphertext
               Security},
  journal   = {IACR Cryptology ePrint Archive},
  volume    = {2010},
  year      = {2010},
  pages     = {99},
  ee        = {http://eprint.iacr.org/2010/099},
}

@article{BY09:SOA,
  author    = {Mihir Bellare and
               Scott Yilek},
  title     = {Encryption Schemes Secure under Selective Opening Attack},
  journal   = {IACR Cryptology ePrint Archive},
  volume    = {2009},
  year      = {2009},
  pages     = {101},
  ee        = {http://eprint.iacr.org/2009/101},
}

@inproceedings{Pai99,
  author =       {P.~Paillier},
  title =        {Public-Key Cryptosystems Based on Composite Degree Residuosity Classes},
  pages =        {223--238},
  crossref  =    "EUROCRYPT99",
}

@Inproceedings{DJ01,
author = {I.~Damg{\aa}rd and M.~Jurik},
title = {A generalisation, a simplification and some applications of {P}aillier's probabilistic public-key system},
pages = {125--140},
crossref  =    "PKC2001",

}

@Inproceedings{GS08,
author = {J.~Groth and A.~Sahai},
title = {Efficient Non-Interactive Proof Systems for Bilinear Groups},
pages = {415--432},
crossref  =    "EUROCRYPT2008",
}

@article{CS04,
  author =       {R.~Cramer and V.~Shoup},
  title =        {Design and Analysis of Practical Public-Key Encryption Schemes Secure Against Adaptive Chosen Ciphertext Attack},
  journal =      {SIAM Journal of Computing},
  volume =       {33},
  number =       {1},
  pages =        {167--226},
  year =         {2004},
  note      = {Early version in CRYPTO'98.},
}

@inproceedings{Wat05:IBE,
  author = {B.~Waters},
  title =  {Efficient Identity-Based Encryption Without Random Oracles},
  pages = {114--127},
  crossref  =    "EUROCRYPT2005",
}

@inproceedings{Wat09:Dual,
  author    = {Brent Waters},
  title     = {Dual System Encryption: Realizing Fully Secure IBE and HIBE
               under Simple Assumptions},
  pages     = {619-636},
  crossref  = "CRYPTO2009",
}



@inproceedings{HK08:PHF,
  author    = {Hofheinz, Dennis and Kiltz, Eike},
  title     = {Programmable Hash Functions and Their Applications},
  crossref = "CRYPTO2008",
  pages     = {21-38},
}

@inproceedings{BR09,
  author    = {Bellare, Mihir and Ristenpart, Thomas},
  title     = {Simulation without the Artificial Abort: Simplified Proof
               and Improved Concrete Security for Waters' IBE Scheme},
  crossref = "EUROCRYPT2009",
  pages     = {407-424},
}

@inproceedings{BG84,
  author =       {M.~Blum and S.~Goldwasser},
  title =        {An efficient probabilistic public-key encryption scheme
which hides all partial information},
  crossref =    "CRYPTO84",
  pages =        {289--299},
}

@article{Fuj12:ABME,
  author    = {Eiichiro Fujisaki},
  title     = {All-But-Many Encryption: {A} Framework for Efficient Fully-Equipped {UC} Commitments},
  journal   = {{IACR} Cryptology ePrint Archive},
  volume    = {2012},
  year      = {2012},
  pages     = {379},
  ee        = {http://eprint.iacr.org/2012/379},
  bibsource = {DBLP, http://dblp.uni-trier.de},
  note = {(final version 31, Oct 2014)}
}

@inproceedings{Fuj14:ABME,
  author    = {Eiichiro Fujisaki},
  title     = {All-{B}ut-{M}any Encryption - {A} New Framework for Fully-Equipped {UC}
               Commitments},
  pages     = {426--447},
  crossref  = {ASIACRYPT2014-2},
}

@misc{GLOW12,
    author = {Michael Gerbush and Allison Lewko and Adam O'Neill and Brent Waters},
    title = {Dual Form Signatures: An Approach for Proving Security from Static Assumptions},
    howpublished = {Cryptology ePrint Archive, Report 2012/261},
    year = {2012},
    note = {{http://eprint.iacr.org/}},
}

@inproceedings{PSV06:NME,
  author    = {Rafael Pass and
               Abhi Shelat and
               Vinod Vaikuntanathan},
  title     = {Construction of a Non-malleable Encryption Scheme from Any
               Semantically Secure One},
  pages     = {271-289},
  crossref  = "CRYPTO2006",
}

@inproceedings{PSV07:NME,
  author    = {Rafael Pass and
               Abhi Shelat and
               Vinod Vaikuntanathan},
  title     = {Relations Among Notions of Non-malleability for Encryption},
  crossref =    "ASIACRYPT2007",
  pages     = {519-535},
}

@inproceedings{LL12:LR:RKA,
 title = {Tamper and Leakage Resilience in the Split-State Model},
 author = {Feng-Hao Liu and Anna Lysyanskaya},
 crossref = "CRYPTO2012",
 pages = {517--532},
}

@inproceedings{DLWW11:contLR,
  author    = {Yevgeniy Dodis and
               Allison B. Lewko and
               Brent Waters and
               Daniel Wichs},
  title     = {Storing Secrets on Continually Leaky Devices},
  year      = {2011},
  pages     = {688-697},
  crossref  = "FOCS2011",
}

@article{CLLWW12:dual,
  author    = {Jie Chen and
               Hoon Wei Lim and
               San Ling and
               Huaxiong Wang and
               Hoeteck Wee},
  title     = {Shorter IBE and Signatures via Asymmetric Pairings},
  journal   = {IACR Cryptology ePrint Archive},
  volume    = {2012},
  year      = {2012},
  pages     = {224},
  ee        = {http://eprint.iacr.org/2012/224},
  bibsource = {DBLP, http://dblp.uni-trier.de}
}

@inproceedings{ABMSV03,
author = {A. Antipa and D. R. L. Brown and A.Menezes and R. Struik and S. A. Vanstone},
title =  {Validation of elliptic curve public keys},
crossref = "PKC2003",
pages = {211--223},
}

@InProceedings{LL93,
  author = {C.~Lim and P.~Lee},
  title =  {Another method for attaining security against adaptively chosenciphertext attacks},
  crossref = "CRYPTO93",
}

@InProceedings{LL97,
  author = {C.~Lim and P.~Lee},
  title =  {A key recovery attack on discrete log-based schemes using a prime order subgroup},
  crossref = "CRYPTO97",
  pages    = {249--263},
}
